3018 5058
676 484 718 552 27

124 659 440 744 interrogatiunculis
462 660 613 737 irretitus,
630 661 751 725 invitus
775 662 945 745 respondet
968 669 1000 726 et
1023 683 1148 727 summa
1164 663 1267 746 petul-

125 765 212 828 antia
237 765 270 826 in
292 765 508 829 adversarium
533 766 716 829 invehitur.¹
762 767 1111 850 ldem'philosophiam
1138 769 1172 830 in
1196 769 1267 831 uni-

125 889 254 933 versum
277 871 461 946 contemnit,
485 876 639 953 tanquam
662 871 826 954 negotium
849 872 926 935 viris
953 872 1072 936 adultis
1099 872 1267 956 indignum

125 981 295 1057 censetque
331 974 434 1037 civem
468 974 748 1058 philosophantem
781 976 883 1059 plagis
918 977 1140 1060 castigandum
1179 982 1266 1041 esse.l

124 1077 214 1154 Quae
240 1079 347 1141 omnia
373 1099 392 1141 a
419 1078 537 1142 Critiae
564 1079 693 1163 ingenio
716 1101 812 1162 quam
841 1081 978 1144 maxime
1002 1081 1181 1158 abhorrent,
1204 1082 1268 1165 qui,

123 1190 161 1246 ut
177 1204 274 1266 supra
289 1182 439 1258 vidimus
455 1183 593 1247 Socratis
610 1184 776 1247 familiaris
800 1185 832 1246 in
850 1184 1070 1269 philosophiae
1086 1187 1269 1269 quaestion·

122 1289 197 1352 ibus
220 1288 394 1352 enodandis
417 1292 571 1364 versatus,
595 1309 668 1350 cum
695 1289 846 1372 magistro
874 1291 1059 1374 saepissime
1086 1297 1119 1353 et
1145 1312 1270 1354 summa

123 1392 307 1456 urbanitate
322 1392 500 1474 disceptare
516 1391 645 1456 solebat.
692 1392 781 1455 lllud
803 1414 930 1477 quoque
953 1415 971 1456 a
995 1395 1113 1458 Cronio
1128 1395 1271 1459 adfertur

123 1497 212 1581 quod
243 1495 391 1560 Callicles
420 1495 574 1559 nonnulla
600 1517 674 1559 cum
706 1496 931 1579 Xenophontis
959 1497 1060 1560 Critia
1087 1500 1268 1562 communia

121 1600 228 1664 habet.
284 1600 346 1664 Sed
373 1601 439 1683 jam
468 1599 675 1682 cognovimus
702 1607 823 1682 quanto
854 1600 1078 1684 Xenophontis
1111 1603 1226 1667 Critias
1253 1624 1271 1665 a

123 1704 410 1768 Platonisdistet:
433 1702 516 1766 nihil
538 1709 645 1766 tamen
670 1723 782 1767 causae
806 1704 969 1782 habemus,
992 1725 1049 1768 cur
1072 1707 1272 1788 suspicemur

124 1810 293 1872 Platonem
308 1809 370 1872 sihi
386 1807 464 1871 adeo
480 1828 543 1870 non
560 1808 791 1871 constitissent
806 1829 871 1872 uno
886 1807 920 1871 in
935 1809 1050 1890 Gorgia
1064 1809 1272 1893 Xenophonti

123 1914 317 1996 suffragatus
344 1913 393 1976 sit.
451 1911 565 1994 Neque
592 1932 666 1974 vero
696 1914 798 1995 major
824 1919 931 1975 exstat
961 1914 1044 1976 inter
1075 1914 1209 1978 Critiam
1240 1921 1272 1977 et

124 2017 292 2082 Calliclem
314 2015 493 2079 similitudo
508 2035 604 2098 quarn
621 2037 703 2099 quae
726 2017 810 2080 inter
828 2017 965 2099 juvenes
989 2018 1137 2100 aequales
1160 2018 1271 2081 eadem

121 2123 157 2185 in
174 2123 252 2186 urbe
276 2129 309 2183 et
331 2119 445 2183 iisdem
461 2119 526 2183 iere
550 2119 664 2182 studiis
689 2120 829 2184 eruditos
849 2121 1064 2203 exspectanda
1087 2122 1136 2184 sit.
1183 2123 1271 2199 Quae

120 2247 197 2290 cum
222 2225 268 2287 ita
290 2225 356 2287 sint
378 2223 412 2285 in
435 2222 698 2306 interpretatione
715 2223 860 2299 sollenni,
876 2244 895 2286 a
910 2224 1102 2288 doctissimis
1126 2225 1270 2289 Platonis

120 2327 429 2395 commentatoribus
453 2326 664 2410 comprobata,
680 2328 846 2410 acquiesco
873 2328 1087 2412 Gorgiamque
1103 2350 1120 2392 e
1137 2350 1269 2393 numero

120 2437 277 2499 librorum
295 2432 501 2496 eximendum
518 2453 629 2497 censeo
644 2433 700 2515 qui
716 2433 756 2496 ad
773 2433 908 2497 Critiam
925 2435 1095 2516 pertinent.

167 2539 232 2626 §b
265 2536 485 2600 Nihilominus
509 2556 657 2620 expressa
680 2536 867 2600 Philostrati
892 2536 1075 2601 testimonia
1098 2537 1272 2600 conficiunt

120 2644 262 2710 Critiam
276 2663 309 2705 re
325 2661 401 2705 vera
425 2640 560 2724 Gorgiae
583 2640 777 2724 discipulum
794 2641 913 2705 fuisse³
958 2642 1030 2719 Qua
1046 2641 1084 2706 de
1101 2647 1272 2705 consuetu-

120 2751 210 2825 dine,
236 2765 432 2831 quamquam
458 2745 585 2828 singula
612 2765 676 2808 non
704 2747 894 2828 accepimus,
917 2746 995 2809 satis
1018 2750 1068 2809 est
1089 2745 1265 2809 verisimile

120 2875 196 2919 eam
228 2851 383 2935 originem
415 2850 455 2912 ab
487 2870 570 2912 anno
603 2848 668 2918 427
700 2871 725 2913 a.
760 2849 831 2913 Chr.
865 2849 1004 2925 duxisse,
1036 2871 1100 2932 quo
1135 2849 1268 2932 Gorgias

120 2957 273 3022 Athenas
296 2954 435 3037 primum
460 2951 620 3029 devectus,
636 2953 669 3015 vi
686 2952 886 3036 eloquentiae
901 2953 1044 3016 Atticam
1065 2955 1271 3036 juventutem

119 3062 165 3127 ad
190 3058 432 3124 admirationem
458 3057 508 3122 sui
535 3057 700 3140 permovit.
759 3057 856 3120 Haud
884 3056 995 3120 multis
1018 3057 1112 3121 annis
1135 3064 1208 3140 post
1234 3058 1267 3119 in

118 3164 294 3230 Graeciam
316 3182 462 3226 reversus
478 3160 652 3245 discipulos
668 3181 707 3224 ex
722 3162 871 3225 omnibus
887 3160 1020 3224 urbibus
1035 3161 1075 3225 ad
1092 3181 1126 3224 se
1141 3160 1269 3225 allicere

120 3270 238 3353 coepit
285 3269 356 3346 Quo
379 3272 530 3349 tempore,
546 3265 581 3327 ni
597 3265 698 3341 fallor,
717 3265 833 3329 Critias
856 3285 993 3348 operam,
1010 3265 1116 3329 adhuc
1138 3265 1173 3327 in
1197 3266 1271 3329 Soc·

120 3375 204 3440 ratis
231 3370 435 3454 disciplinam
462 3371 650 3452 impensam,
672 3369 707 3431 in
735 3369 871 3453 Gorgiae
893 3367 1074 3433 rhetoricen
1096 3369 1272 3445 transtulit,

119 3489 156 3545 et
192 3480 323 3541 fortasse
358 3474 547 3558 magistrum
579 3473 613 3535 in
648 3472 855 3549 Thessaliam,
887 3473 1059 3538 rhetorices
1093 3474 1272 3557 Gorgianae

117 3583 233 3649 sedem
266 3578 514 3653 celeberrimam,
548 3582 703 3660 sequutus
736 3576 895 3642 amicitias
929 3577 1121 3653 conciliavit,
1155 3578 1272 3660 quibus

117 3690 230 3763 nixus,
245 3691 357 3768 postea
372 3703 406 3747 se
425 3680 620 3765 reipublicae
643 3681 867 3745 Thessalorum
890 3681 1073 3746 immiscuit.
1121 3681 1268 3746 Ceterum

117 3815 164 3858 ne
182 3792 213 3854 in
232 3788 422 3872 conjecturis
433 3807 551 3869 ‚parurn
569 3785 663 3850 certis
680 3785 802 3849 diutius
818 3805 1056 3861 commoremur,
1073 3807 1271 3869 quaeramus

118 3897 204 3984 quid
227 3896 266 3959 de
290 3891 409 3958 Critiae
425 3912 499 3956 cum
522 3891 639 3974 Gorgia
662 3891 894 3954 consuetudine
910 3911 949 3953 ex
965 3890 1093 3974 scriptis
1109 3891 1178 3973 ejus
1200 3911 1272 3974 cog-

118 4001 214 4068 nosci
229 3997 337 4083 possit.
385 3995 455 4072 Qua
470 3995 505 4056 in
521 4015 555 4058 re
576 3995 699 4058 adocta
715 3994 833 4059 Dielsii
848 3995 1116 4059 commentatione
1131 3995 1271 4059 exordiri

118 4107 258 4192 oportet,
281 4121 363 4185 quae
384 4099 481 4183 justis
504 4097 701 4182 argumentis
728 4097 935 4175 demonstrat,
958 4098 1109 4182 Gorgiam
1136 4118 1209 4162 eum
1235 4099 1269 4161 in

157 4319 165 4348 ¹
182 4319 237 4370 Oica
249 4312 291 4368 oll’
305 4311 383 4369 ἅττα
394 4309 486 4376 λέγεις,
499 4313 516 4363 ὦ
531 4307 667 4381 Magarsa,
682 4305 743 4360 ἀλλ’
755 4309 837 4361 ἄλλον
848 4307 911 4364 τινὰ
923 4305 1004 4379 ierim
1027 4337 1035 4366 v.
1059 4349 1066 4363 .
1089 4349 1095 4363 .
1122 4305 1174 4362 salt
1187 4307 1218 4374 ql
1226 4329 1273 4379 μοι

114 4409 196 4480 μέλει
210 4402 275 4458 obilu
284 4403 316 4457 dr
328 4401 358 4455 rr>
370 4401 463 4468 λέγεις,
476 4398 523 4452 nal
536 4398 630 4455 rutra
642 4419 679 4452 σοι
692 4400 797 4470 Γοργίου
809 4397 886 4464 χάριν
898 4394 1084 4469 ἀπεκρινάμην,
1097 4400 1148 4451 505
1162 4395 1189 4454 0.

155 4493 166 4522 ¹
179 4494 244 4551 iras
253 4490 278 4546 di
287 4490 316 4554 del
327 4487 490 4564 πρεσβύτερον
498 4485 539 4542 lia
549 4486 588 4542 ἔτι
601 4489 791 4552 &intraverim
804 4485 849 4539 acl
862 4485 902 4555 μὴ
911 4485 1152 4554 acarnaniam»
1163 4488 1271 4552 πληγῶν

115 4608 168 4658 μοι
181 4581 249 4638 δοκεῖ
259 4579 304 4646 tta
315 4579 409 4636 hairdai
421 4577 441 4632 ri
453 4576 584 4651 Σώκρατες
596 4577 671 4633 adres
687 4577 700 4629 ο1
712 4573 783 4647 ἀνήρ,
798 4580 848 4630 485
860 4573 894 4643 D.

157 4677 170 4712 ⁸
186 4671 253 4726 Post.
266 4670 331 4725 aar.
345 4668 398 4724 III.
414 4671 438 4736 1,
451 4674 475 4736 2,
489 4671 513 4721 3.
