3018 5058
730 1068 822 1132 OAP.
858 1069 897 1132 V.

284 1240 304 1327 ξ
332 1243 358 1305 1.
394 1242 465 1305 Ηοο
493 1243 597 1324 capite
624 1241 763 1324 primum
792 1243 830 1307 de
857 1241 1052 1306 carminibus
1081 1243 1300 1307 disserendum
1330 1250 1390 1319 est,

242 1367 323 1429 quae
339 1351 491 1412 πολιτεῖαι
509 1345 649 1431 ἕμμετροι
666 1345 819 1410 feruntur.
867 1346 929 1422 Qui
946 1345 1061 1409 titulus
1077 1347 1117 1410 ab
1133 1369 1197 1410 uuo
1209 1347 1390 1410 Alexandri

240 1450 501 1533 Aphrodisiensis
513 1450 581 1513 loco
594 1450 720 1533 pendet,
732 1450 788 1512 ubi
801 1449 950 1533 pleraque
964 1450 1081 1514 Critiae
1094 1451 1214 1533 scripta
1225 1450 1391 1534 sophistae

241 1553 367 1618 cuidam
402 1553 571 1617 falsissime
609 1553 853 1636 adjudicantur.¹
911 1553 1035 1616 Ibidem
1074 1555 1212 1616 traditur
1250 1555 1388 1618 Critiam

240 1663 414 1738 tyrannum
446 1656 608 1731 πολιτείας
635 1659 803 1742 ἐμμέτρους
830 1656 1003 1740 scripsisse,
1030 1656 1086 1720 sed
1115 1658 1185 1720 fieri
1215 1663 1321 1741 potest
1350 1665 1393 1720 ut

241 1759 425 1825 Alexander
458 1761 574 1824 iterum
610 1781 748 1824 errorem
782 1761 953 1824 admiserit.
1015 1760 1100 1823 Nam
1135 1762 1282 1844 quamvis
1309 1777 1393 1845 'per-

242 1865 389 1948 spicuum
413 1864 464 1940 sit,
489 1885 561 1927 eum
586 1871 766 1928 autunum
791 1871 846 1927 aut
873 1864 1052 1948 complures
1078 1864 1194 1947 elegias
1219 1865 1253 1926 in
1280 1864 1393 1928 auimo

241 1968 398 2045 hahuisse,
415 1968 542 2031 nullum
558 1990 597 2030 ex
615 1968 818 2044 carminibus
831 1969 870 2032 de
883 1969 999 2051 quibus
1012 1968 1191 2052 fragmenta
1206 1975 1394 2052 supersunt,

242 2073 328 2134 huno
360 2071 492 2134 titulum
523 2071 636 2136 tulisse
662 2072 796 2135 videtur.
854 2072 981 2136 Etenim
1011 2072 1096 2155 apud
1124 2072 1329 2136 Athenaeum
1358 2081 1395 2137 et

242 2175 452 2239 Plutarchum
474 2175 553 2239 haec
575 2182 703 2239 tantum
726 2176 902 2259 reperimus
926 2178 970 2251 ὡς
995 2181 1127 2263 Κριτίας
1150 2189 1249 2264 φησιν
1271 2179 1303 2242 ἐν
1320 2186 1395 2252 τοῖς

241 2282 411 2366 thascius&
435 2284 467 2342 et
490 2280 588 2343 simili
611 2279 734 2344 ratione
758 2280 957 2363 Hephaestio
973 2283 1005 2346 ἐν
1022 2285 1061 2368 τῇ
1076 2282 1161 2365 πρὸς
1177 2277 1395 2362 Ἀλκιβιάδην

241 2384 348 2466 inquit
372 2383 513 2470 ἐλεγείᾳ.3
558 2384 673 2466 Itaque
689 2405 763 2446 cum
786 2383 902 2446 titulus
925 2383 979 2446 ille
1003 2389 1157 2450 πολιτεῖαι
1175 2385 1322 2470 ἔμμετροι
1337 2384 1394 2448 his

243 2488 450 2571 scriptoribus
477 2488 605 2572 ignotus
633 2488 730 2550 fuisse
757 2487 906 2551 videatur
933 2487 1001 2551 fieri
1028 2493 1132 2570 potest
1162 2494 1200 2551 ut
1230 2508 1293 2551 non
1320 2489 1394 2571 ipse

244 2592 360 2656 Critias
376 2591 431 2654 sed
446 2592 673 2676 grammaticus
689 2591 795 2654 nescio
812 2591 884 2673 quis
901 2591 1042 2654 carmina
1058 2591 1103 2654 ita
1119 2591 1325 2675 inscripserit.

286 2695 374 2758 Illud
407 2716 534 2778 quoque
565 2695 738 2780 ambigitur
768 2702 847 2778 quot
882 2694 1023 2757 carmina
1059 2693 1211 2761 πολιτεῖαι
1242 2694 1396 2781 ἕμμετροε

242 2799 408 2883 amplexae
432 2800 506 2876 siut,
530 2820 603 2862 nam
628 2800 698 2862 aliis
722 2799 827 2882 placet
854 2821 954 2862 unum
978 2806 1105 2862 tantum
1130 2800 1227 2864 fuisse
1250 2821 1395 2878 carmen,

243 2904 328 2967 unde
344 2903 516 2986 descriptio
539 2902 596 2966 illa
619 2903 786 2985 epularum
811 2903 1040 2986 Spartanarum
1057 2903 1244 2986 deprompta
1260 2911 1316 2977 est,
1333 2905 1396 2967 alii

243 3007 424 3090 catalogum
439 3006 531 3070 illum
548 3027 654 3070 rerum
670 3007 705 3068 in
717 3006 851 3089 singulis
863 3006 996 3069 urbibus
1009 3006 1213 3070 inventarum
1227 3006 1352 3070 addunt
1364 3013 1396 3087 ;⁴

244 3112 383 3175 Baebius
398 3132 473 3175 vero
499 3132 534 3175 eo
559 3131 659 3194 usque
683 3111 837 3199 pervenit,
853 3117 890 3172 ut
915 3116 1070 3174 statueret
1095 3099 1236 3174 Critiam¹
1254 3113 1397 3176 Potitios

245 3225 380 3299 utraque
401 3215 553 3279 orationis
569 3215 670 3278 forma
693 3211 889 3296 conscriptas
912 3214 945 3277 in
970 3236 1071 3277 unum
1095 3236 1208 3297 corpus
1233 3215 1397 3299 redegisse

244 3320 289 3383 ita
319 3327 356 3383 ut
390 3320 524 3403 singulis
554 3318 877 3383 commentationibus
908 3339 1000 3402 prosa
1031 3319 1173 3382 oratione
1204 3321 1398 3402 compositis

245 3445 371 3488 carmen
400 3424 638 3507 praemitteret.⁶
692 3410 884 3506 Ceteroquiu
912 3421 1099 3485 Athenaeus
1126 3421 1251 3486 Poa'u'a
1278 3443 1296 3485 a
1323 3444 1398 3487 car-

245 3529 386 3592 minibus
403 3532 511 3611 aperte
527 3527 696 3601 distinctis,
712 3525 804 3588 nobis
820 3525 982 3589 dissuadet
1002 3546 1042 3588 ne
1058 3526 1089 3596 in
1108 3525 1190 3588 hanc
1206 3526 1399 3608 opinionem

246 3633 483 3708 descendamus,
506 3652 617 3714 neque,
639 3651 672 3694 re
695 3651 777 3705 vera,
798 3629 900 3713 ipsius
923 3630 1101 3693 Alexandri
1125 3631 1229 3705 verba,
1246 3652 1327 3714 quae
1352 3635 1400 3697 ad

245 3758 325 3820 opus
341 3736 509 3820 peculiare,
526 3757 543 3798 a
560 3734 760 3818 pedestribus
776 3734 903 3817 scriptis
920 3754 1048 3817 prorsus
1065 3733 1236 3810 diversum,
1249 3741 1399 3817 spectare

246 3841 404 3916 videntur,
421 3839 534 3903 Bachii
550 3839 666 3903 rationi
682 3839 887 3903 conveniunt.

290 3945 414 4022 Quibus
430 3943 565 4026 cognitis
581 3942 621 4006 ad
638 3941 770 4005 Potitios
786 3962 880 4025 prosa
896 3941 1037 4004 oratione
1050 3942 1240 4025 compositas
1255 3943 1400 4007 transire

246 4054 377 4132 oportet.
423 4046 550 4109 Titulus
573 4046 727 4111 πολιτεῖαι
751 4044 835 4128 apud
860 4043 1022 4107 Pollucem
1042 4045 1179 4127 primum
1197 4045 1402 4126 reperitur:⁶

281 4203 288 4230 ¹
305 4205 372 4259 Teat.
386 4205 451 4260 Aac.
466 4204 512 4261 IV.
527 4208 551 4260 4.
589 4203 627 4256 Of.
642 4219 697 4272 sup.

278 4291 395 4348 ²Athen.
409 4293 442 4346 X.
456 4296 507 4346 432
521 4291 557 4356 D;
576 4291 633 4345 XV.
648 4294 699 4346 666
712 4291 742 4348 Β.
782 4290 850 4344 Plut.
865 4287 950 4343 alcio.
965 4295 1010 4354 333
1032 4287 1098 4345 orm.
1114 4292 1154 4346 10.

281 4380 445 4450 ’Hephaest
459 4379 517 4447 (Ed.
539 4377 699 4450 Wcatplral.)‚
713 4377 728 4449 g
741 4382 783 4433 20.

281 4467 347 4526 (Οἱ,
360 4467 452 4536 Bergk.
468 4468 509 4521 xr.
526 4471 548 4520 1.
563 4471 586 4520 2.
835 4464 896 4522 ⁵0f.
911 4464 989 4528 Bach,
1003 4483 1042 4536 ma
1057 4463 1100 4519 cit.
1114 4467 1156 4522 28.

282 4553 333 4614 “rt
343 4555 391 4624 pair
404 4557 485 4623 ὄνομα
497 4554 541 4624 (sc.
557 4553 671 4622 ικελέτιι)
683 4553 729 4608 καί
750 4554 825 4626 παρὰ
844 4551 940 4626 Κριτίᾳ
958 4554 1025 4608 ἔστιν
1038 4555 1061 4607 ἐν
1073 4558 1133 4616 ταῖς
1155 4552 1318 4622 Πελιτειίιις,
1333 4553 1402 4608 Poll·

247 4643 310 4701 VII.
324 4647 365 4701 59.
