3018 5058
752 457 792 520 56

199 619 297 716 posse.
354 632 428 696 Non
452 627 555 696 ausim
579 650 691 716 negare
716 629 850 695 Critiam
881 631 1073 715 plusquam
1104 632 1183 698 duas
1214 631 1351 698 Politice
1409 657 1411 662 ¹

98 749 102 758 '
199 735 440 820 conscripsisse:
463 735 523 799 hoc
546 740 655 800 tamen
678 756 864 819 persuasum
887 736 988 800 habeo
1015 736 1182 808 scientiam
1206 744 1349 802 nostram

198 840 317 906 libellis
341 841 380 904 de
405 838 662 904 Lacedaemoniis
686 845 718 902 et
744 838 904 904 Thessalis
928 859 996 904 esse
1019 838 1191 920 definitam.
1237 839 1350 923 Atque

198 967 231 1010 re
255 965 330 1008 vera
353 943 486 1008 minirne
510 949 559 1008 est
581 942 791 1027 improbabile
814 943 893 1008 duos
916 951 1044 1010 tanturn
1068 944 1193 1010 libellos
1215 943 1351 1012 consilio

199 1049 386 1114 Polr'tr'orum
401 1047 569 1112 suffecisse.
614 1048 699 1112 Nam
723 1067 879 1131 ponamus
899 1055 1054 1132 tanquam
1073 1069 1235 1113 summum
1250 1048 1348 1112 finem

198 1153 341 1237 inopere
364 1173 422 1217 suo
445 1150 610 1216 condendo
633 1150 769 1216 Critiam
792 1151 853 1216 sibi
876 1152 1077 1236 proposuisse
1101 1151 1349 1235 descriptionem

198 1264 230 1322 et
269 1255 538 1340 comparationem
574 1256 710 1319 duarum
741 1255 919 1333 civitatum,
949 1277 1085 1340 quarum
1121 1257 1204 1321 bona
1239 1255 1354 1332 altera>

200 1361 353 1426 nimirum
376 1358 708 1436 Lacedaemoniorum,
724 1360 823 1424 altera
839 1361 932 1436 mala,
948 1360 1101 1424 nimirum
1117 1360 1352 1438 Thessalorum,

198 1472 299 1531 esset:
317 1467 387 1549 jam
410 1471 447 1528 ut
469 1463 544 1529 talis
567 1463 670 1548 operis
693 1463 866 1549 imaginem
889 1463 1031 1549 aliquem
1047 1465 1161 1530 saltem
1185 1464 1276 1530 nobis
1298 1464 1350 1528 in-

199 1571 336 1634 formare
352 1568 517 1654 possimus,
531 1567 622 1652 quasi
638 1569 768 1653 speculo
780 1569 916 1653 quodam
935 1569 984 1632 uti
999 1568 1075 1633 licet
1090 1568 1188 1632 simili
1204 1568 1353 1634 Platonis

200 1695 303 1757 opere,
320 1673 405 1758 quod
433 1673 551 1739 Critias
574 1671 762 1738 inscribitur
777 1672 834 1736 ubi
849 1672 997 1738 Athenae
1019 1681 1052 1738 et
1076 1671 1220 1738 Atlantis
1236 1673 1351 1738 eodem

199 1777 292 1843 modo
314 1777 454 1842 interce
477 1778 679 1861 respondent.
725 1775 814 1856 Quae
835 1777 966 1862 profero,
983 1798 1047 1841 non
1071 1784 1108 1842 ut
1130 1777 1259 1845 doceam
1282 1797 1354 1840 rem

198 1884 245 1947 ita
267 1905 301 1947 sc
323 1881 481 1958 habuisse,
503 1882 559 1947 sed
582 1888 618 1946 ut
638 1882 831 1966 conjecturis
854 1883 894 1947 de
917 1881 1088 1968 Republica
1112 1881 1350 1948 Atlcuiinaium

199 1988 355 2052 rationem
373 2008 435 2050 non
452 1985 559 2085 minus
575 1987 771 2071 probabilem
788 2007 955 2070 opponam.

245 2093 343 2176 Spero
370 2112 407 2155 ea
432 2112 514 2175 quae
541 2091 581 2155 de
607 2090 741 2176 singulis
772 2091 890 2156 Critiae
920 2089 1011 2156 libris
1042 2089 1205 2174 disputavi
1235 2089 1354 2156 lectori

202 2217 390 2280 persuasura
405 2216 481 2272 esse,
498 2216 581 2272 eum,
596 2194 623 2259 si
641 2217 705 2259 non
721 2196 759 2258 de
776 2195 889 2280 patria,
905 2195 944 2258 de
960 2193 1080 2259 Atticis
1103 2194 1218 2259 litteris
1233 2194 1354 2259 saltem

201 2301 283 2364 bene
305 2299 456 2364 meritum
480 2320 555 2364 esse.
601 2299 731 2363 Etenim
753 2305 919 2384 propterea
944 2297 1158 2364 memorabilis
1180 2306 1237 2375 est,
1264 2299 1359 2382 quod

202 2405 341 2469 Socratis
374 2413 407 2468 et
437 2403 653 2488 sophistarum
676 2403 879 2487 disciplinam
912 2409 978 2474 tarn
1002 2410 1087 2468 arcte
1110 2402 1278 2487 conjunxit
1310 2413 1354 2467 ut

203 2509 296 2574 modo
313 2507 512 2574 Socrations¹
528 2508 621 2572 modo
636 2507 794 2592 sophistes
811 2513 1030 2594 nuncupetur:
1051 2528 1114 2592 qua
1131 2506 1164 2571 in
1180 2525 1356 2572 remoram

203 2635 279 2679 suae
306 2612 420 2678 aetatis
445 2617 669 2696 repraesentat.
723 2613 771 2676 At
797 2611 824 2676 si
850 2611 923 2697 quis
951 2611 1079 2696 tyranni
1108 2611 1361 2696 scelera—qnae

203 2740 263 2783 nec
286 2717 414 2782 defendi
439 2737 498 2780 nec
521 2714 930 2801 condonavi-indignatus
954 2715 1035 2778 nihil
1058 2714 1162 2779 laudis
1178 2715 1359 2781 concedere

205 2823 291 2899 velit,
308 2822 342 2885 in
357 2819 511 2886 memoria
526 2826 633 2886 teneat
656 2842 697 2897 se,
713 2841 778 2884 non
793 2819 874 2884 mihi
891 2819 946 2885 sed
969 2819 1072 2904 primo
1087 2826 1119 2886 et
1142 2819 1358 2905 praestantis-

206 2926 285 2992 simo
302 2925 420 2991 Critiae
432 2924 597 3003 laudatori,
612 2924 674 3009 ipsi
690 2924 827 3002 Platoni,
843 2924 938 2988 fidem
954 2945 1075 3012 negare.

241 3101 249 3128 ¹
262 3107 285 3157 ol
297 3101 354 3177 rapi
367 3104 477 3175 Κριτίαν
489 3103 539 3156 aar!
548 3100 691 3163 ’Annaliun
703 3103 752 3156 rael
764 3101 919 3167 arnapam
932 3105 1095 3174 Σωκρατικοί,
1112 3097 1178 3156 Trai.
1192 3097 1259 3157 Aut·
1271 3099 1304 3158 V.
1319 3105 1347 3159 5.
