3018 5058
698 424 739 493 55

189 599 301 684 Neque
339 607 446 664 tamen
485 599 712 663 Duemmlerus
751 599 784 660 in
824 595 869 662 eis
900 617 981 680 quae
1012 597 1177 679 hucusque
1208 617 1292 659 conr-

144 703 317 768 memoravi
348 701 515 787 acquievit.
576 702 662 765 Nam
693 700 754 766 sibi
786 699 883 764 simili
916 699 1038 765 ratione
1068 698 1226 782 persuasit
1260 719 1292 762 se

145 806 262 892 Critiae
302 807 436 891 vestigia
473 807 559 890 apud
598 807 770 870 Isocratem
809 825 935 889 quoque
973 803 1138 868 detexisse.
1161 821 1164 828 ·
1185 803 1292 885 Atque

143 910 300 995 imprimis
324 912 429 979 locum
453 911 684 996 ePanepyrico
703 909 836 994 adlegat,
853 908 908 973 ubi
926 907 1138 972 Athenienses
1161 907 1292 992 quidam

143 1015 347 1099 castigantur,
375 1015 430 1099 qui
454 1036 504 1079 res
527 1037 545 1079 a
568 1015 712 1099 patribus
735 1035 791 1098 per
813 1014 963 1098 quintum
995 1012 1156 1076 saeculum
1188 1018 1292 1096 gestas

143 1119 395 1202 despicereausi
428 1118 545 1183 scelera
573 1140 591 1180 a
618 1117 736 1201 populo
763 1115 1010 1181 Atheniensium
1038 1121 1162 1199 patrata
1185 1137 1291 1179 reeen-

142 1244 211 1287 sere
234 1224 386 1299 solebant,
404 1223 465 1306 ipsi
488 1231 595 1287 autem
618 1222 810 1306 reipublicae
834 1219 986 1305 praelecti
1009 1219 1129 1303 patriae
1153 1220 1291 1284 maxime

139 1333 339 1392 nocuerunt.1
385 1328 474 1405 Quae
490 1327 642 1403 convicia,
655 1333 692 1390 ut
708 1349 724 1390 e
738 1325 842 1390 verbis
858 1325 996 1415 ᾑροῦντο
1010 1322 1040 1390 δὲ
1057 1329 1121 1391 τῶν
1140 1325 1292 1390 Εἱλώτων

142 1434 188 1497 ἑνὶ
216 1433 270 1516 (sc.
300 1429 490 1519 Λυσάνδρῳ)
517 1429 679 1497 δουλεύειν
706 1438 846 1514 apparet,
870 1431 909 1493 ad
938 1430 1055 1494 scelera
1082 1437 1290 1512 tyrannorum

141 1544 305 1618 spectant:
338 1537 423 1601 unde
454 1543 562 1600 tamen
595 1535 725 1600 minime
757 1535 901 1618 sequitur
931 1534 1077 1597 libellum
1109 1535 1148 1596 ab
1179 1555 1243 1596 uno
1274 1555 1291 1597 e

141 1638 289 1722 tyrannis
306 1639 520 1723 conscriptum
545 1639 694 1703 Isocratis
717 1639 823 1702 animo
851 1639 1053 1701 obversatum
1077 1658 1151 1700 esse.
1197 1636 1290 1698 Nihil

141 1741 229 1806 enim
253 1764 309 1806 nos
326 1742 473 1826 prohibet
495 1741 685 1819 existimare,
702 1750 857 1806 oratorem
880 1741 994 1804 nonin
1019 1747 1160 1804 mortuos
1183 1739 1290 1804 invec-

140 1852 221 1923 tum,
233 1848 288 1911 sed
304 1847 411 1930 potius
427 1847 467 1910 de
482 1846 680 1911 sermonibus
694 1847 744 1910 vel
760 1845 887 1930 scriptis
900 1845 1081 1929 aequalium
1095 1844 1289 1928 cogitavisse.

140 1951 226 2014 Nam
265 1949 397 2014 minime
436 1956 484 2014 est
521 1949 739 2034 improbabile,
774 1950 859 2034 quod
897 1957 1005 2012 tamen
1039 1970 1096 2032 pro
1134 1948 1290 2033 probabili

140 2055 376 2130 Duemmlerus,
394 2055 567 2120 Isocratem
590 2055 668 2118 talia
691 2053 825 2118 crimina
848 2055 888 2118 ab
912 2053 1098 2137 aequalibus
1122 2051 1289 2117 audivisse.

140 2157 261 2232 Versus
285 2158 371 2222 enim
705 2143 708 2146 ’
1042 2168 1043 2171 ’

269 2292 376 2362 μνῆμα
391 2277 457 2346 τόδ’
474 2282 534 2346 ἐστ’
551 2278 679 2368 ἇνδρῶν
695 2279 827 2366 ἀγαθῶν
844 2279 877 2346 oi
890 2281 947 2345 τὸν
964 2281 1139 2366 κατάρατον

273 2379 375 2464 δῆμον
390 2383 569 2460 Ἀθηναίων
587 2387 706 2470 ὀλίγον
724 2385 848 2471 χρόνον
865 2382 981 2470 ὕβριος
996 2385 1118 2470 ἓσχον’

140 2501 289 2585 quamvis
321 2491 376 2566 vix
410 2502 442 2566 in
476 2503 644 2588 sepulchro
681 2503 835 2587 inscripti,
869 2504 1043 2568 ostendunt
1080 2513 1290 2587 tyrannorum

140 2605 316 2670 sententias
339 2628 404 2670 non
424 2627 496 2670 cum
521 2606 692 2690 tyrannide
706 2607 899 2690 exstirpatas
915 2629 990 2671 esse.
1037 2608 1126 2685 Quae
1150 2629 1224 2670 cum
1246 2607 1292 2670 ita

141 2709 208 2773 sint
230 2709 312 2773 nihil
344 2732 457 2775 causae
483 2711 638 2775 habemus
662 2733 718 2774 cur
745 2713 910 2776 credamus
934 2713 1085 2775 isocratis
1116 2713 1291 2775 orationem

140 2821 209 2877 tam
234 2821 318 2878 arcte
342 2835 415 2878 eum
439 2814 586 2898 tyrannis
612 2814 796 2892 cohaesisse,
823 2826 860 2878 ut
886 2815 1085 2880 adversarius
1113 2817 1181 2899 ejus
1207 2816 1291 2880 inter

139 2916 226 2980 viros
242 2917 375 3002 triginta
390 2918 433 2982 sit
447 2918 653 3002 quaerendus.

187 3021 335 3104 Denique
358 3023 586 3087 Duemmlerus
610 3023 650 3086 ad
674 3023 790 3088 Critiae
807 3023 1039 3110 Rempablr'eom
1055 3024 1291 3088 Atheniensium

140 3124 287 3188 convicia
300 3126 414 3202 refert,
430 3149 512 3210 quae
534 3126 569 3190 in
593 3127 760 3191 Plutarchi
783 3127 906 3191 Pericle
930 3134 1066 3203 exstant,
1082 3127 1137 3191 ubi
1154 3128 1291 3191 Atheni-

141 3249 233 3293 enses
268 3230 406 3295 ludibrio
443 3232 611 3308 habentur,
641 3232 696 3315 qui
731 3253 818 3296 more
850 3232 976 3314 puellae
1010 3232 1149 3314 procacis
1180 3233 1290 3295 urbem

141 3332 300 3397 sociorum
316 3334 426 3418 spoliis
442 3335 694 3415 exornaverint;³
716 3342 804 3400 ratus
827 3337 904 3400 haec
920 3336 1087 3399 audaciora
1103 3357 1178 3412 esse,
1194 3357 1291 3419 quam

141 3457 225 3520 quae
248 3459 267 3500 a
289 3437 418 3502 comicis
441 3440 544 3527 poetis
567 3439 630 3504 dici
654 3438 826 3523 potuerint,
850 3445 947 3522 atque
970 3439 1088 3503 idcirco
1111 3439 1291 3523 tyrannidis

141 3546 285 3624 ternpore
300 3541 421 3624 publici
434 3542 515 3626 juris
532 3545 615 3607 sacta
630 3565 705 3607 esse.
751 3545 906 3607 Attamen
923 3543 1002 3606 mihi
1019 3544 1125 3626 potius
1140 3543 1291 3608 videntur

141 3645 221 3708 haec
244 3647 413 3728 opprobria
433 3647 542 3710 odium
565 3648 704 3712 redolere
720 3669 783 3731 quo
807 3648 907 3731 ipsius
931 3648 1063 3712 Periclis
1086 3651 1233 3732 aequales
1257 3653 1290 3715 in

141 3769 217 3812 eum
233 3756 309 3812 sunt
323 3748 461 3814 invecti:
482 3760 675 3835 quapropter
689 3751 724 3814 in
739 3752 939 3816 Duemmleri
954 3753 1077 3817 ratione
1093 3756 1291 3837 acquiescere

143 3872 208 3915 non
222 3873 359 3936 possum.

188 3955 304 4038 Itaque
328 3965 497 4040 postquam
524 3958 583 4022 viri
609 3958 785 4024 doctissimi
810 3967 935 4024 tantam
961 3981 1088 4043 operam
1113 3961 1147 4025 in
1173 3963 1291 4028 Critiae

142 4057 315 4144 Republica
339 4061 443 4125 denuo
468 4063 607 4126 eruenda
631 4070 663 4128 et
689 4063 879 4128 illustranda
902 4063 1150 4129 Atheniensium
1174 4069 1292 4132 frustra

143 4174 419 4246 consumpserunt,
436 4165 603 4248 prudentis
619 4174 675 4242 est,
693 4166 846 4243 confiteri,
861 4165 944 4230 nihil
967 4169 1006 4232 de
1022 4168 1081 4233 hac
1096 4191 1129 4234 re
1145 4172 1291 4254 cognosci

179 4338 188 4370 ¹
202 4336 280 4394 leoco.
297 4336 427 4410 Pamppr.
442 4336 474 4410 ἓξ
489 4342 548 4409 110,
563 4344 621 4398 lll.

178 4423 431 4564 ‘Otdlglilamouitn
445 4444 484 4497 op.
500 4427 544 4485 cit.
565 4428 587 4486 I.
604 4428 665 4485 177:
686 4428 760 4482 “an
778 4429 895 4500 Zenpnis
906 4432 960 4500 srt'r
977 4429 1020 4484 die
1038 4431 1192 4506 Stimmunp
1211 4435 1246 4489 ist
1264 4454 1290 4490 es

143 4528 240 4565 verim
276 4511 332 4568 ar.''

180 4597 270 4656 'Plut
285 4599 345 4658 Per.
361 4603 401 4658 12.
