3018 5058
782 445 823 508 32

230 623 299 705 ejus
321 621 519 705 eloquentiae
542 617 813 684 studiosissimum
829 617 935 682 fuisse.
983 615 1146 680 Grandem
1161 613 1374 698 Antiphontis

230 746 406 789 sermonem
423 724 598 808 usurpavit,
614 723 716 786 vitata
732 730 839 786 tarnen
863 722 932 805 ejus
955 719 1156 795 obscuritate,
1172 726 1205 784 et
1227 717 1375 803 quamvis

230 829 391 893 interdurn
419 851 437 892 a
462 828 624 912 proposito
651 827 777 911 longius
804 833 943 902 evectus,
970 825 1114 889 membra
1141 823 1374 888 sententiarum

231 935 371 997 maxima
394 955 470 997 cura
492 932 667 1008 collocavit,
684 932 730 994 ita
753 938 790 994 ut
812 929 988 1015 granditati
1010 933 1100 1013 grata
1124 929 1281 1012 quaedam
1304 947 1374 1010 per-

230 1037 383 1120 spicuitas
414 1037 589 1100 accesserit.
646 1035 779 1118 Figurae
810 1041 977 1116 ceteraque
1007 1040 1194 1097 ornamenta
1224 1033 1375 1095 orationis

229 1141 469 1224 diligebatque
493 1141 527 1201 in
550 1161 583 1204 re
604 1139 840 1221 Antiphontem
863 1137 980 1200 iterum
1003 1144 1158 1220 sequutus
1182 1135 1257 1198 huic
1280 1135 1374 1218 longe

230 1244 458 1324 antecellebat;
486 1251 587 1307 artem
610 1243 696 1307 enim
719 1263 844 1326 semper
866 1242 991 1318 celavit,
1015 1242 1217 1326 speciemque
1244 1247 1376 1304 naturae

229 1347 371 1422 retinuit,
398 1368 479 1430 quae
506 1347 705 1410 audientium
732 1346 856 1410 animos
883 1345 1075 1410 conciliaret
1121 1345 1242 1409 Nativo
1267 1352 1375 1408 tamen

229 1451 520 1535 lepore-{areima
533 1455 581 1516 roi
599 1449 878 1538 &pilatio—judice
894 1450 1095 1533 Hermogene
1111 1449 1245 1512 carebah

275 1553 413 1618 Grandis
430 1553 484 1617 ille
500 1552 603 1629 stilus,
620 1575 716 1636 quem
733 1552 850 1617 Critias
866 1573 939 1615 curn
956 1552 1157 1636 Antiphonte
1174 1573 1376 1616 communem

230 1657 376 1733 habebat,
399 1656 486 1720 haud
513 1656 608 1720 dubie
631 1657 672 1720 ad
699 1657 835 1740 Gorgiae
862 1656 1066 1739 disciplinam
1094 1657 1282 1721 referendus
1310 1667 1377 1720 est:

232 1761 287 1823 sed
310 1761 344 1822 in
368 1761 481 1823 ceteris
505 1760 628 1823 abhoc
651 1759 827 1844 exemplari
850 1768 959 1843 aperte
975 1759 1114 1824 deflexit.
1161 1760 1378 1824 Philostratus
1497 1823 1498 1828 ,

231 1865 317 1927 euim
349 1864 561 1946 Hermogenis
589 1865 712 1947 judicic
747 1865 781 1927 in
814 1864 1000 1928 universum
1035 1864 1235 1945 suffragatus,
1268 1871 1379 1928 notata

230 1967 386 2032 brevitate
403 1968 549 2051 quadam,
565 1989 667 2051 pauca
683 1969 984 2032 commemoratione
999 1968 1187 2052 dignissima
1202 1969 1377 2052 subjungit.

231 2073 341 2136 Tradit
372 2073 459 2135 enirn
495 2073 613 2136 Critiae
648 2093 827 2136 sermonem
861 2072 1008 2156 quamvis
1042 2073 1204 2156 grandem,
1239 2094 1304 2137 non
1338 2095 1377 2138 ex

231 2177 476 2260 dithyrambicis
500 2182 532 2239 et
555 2177 651 2240 nimis
675 2177 808 2261 poeticis
832 2177 1035 2253 dictionibus,
1055 2177 1110 2242 sed
1133 2177 1337 2262 potissimum
1361 2201 1379 2242 e

231 2281 316 2344 tritis
351 2280 461 2363 populi
496 2280 660 2344 vocabulis
694 2281 907 2364 compositum
942 2301 1017 2345 esse.
1074 2281 1189 2364 Neque
1223 2282 1381 2364 asyndeta

231 2405 356 2468 semper
377 2385 502 2460 vitavit,
526 2385 619 2466 cujus
647 2384 693 2448 rei
720 2384 904 2468 exemplum
931 2406 949 2447 a
978 2384 1102 2448 Blaesio
1129 2385 1163 2447 in
1192 2385 1380 2468 fragmentis

232 2489 394 2552 detectum
426 2493 503 2551 est.¹
560 2489 710 2552 Ceterum
741 2489 775 2550 in
809 2488 1016 2552 collocatione
1049 2489 1216 2552 verborum
1249 2490 1289 2552 ab
1322 2511 1381 2554 usa

232 2591 358 2674 vulgari
380 2591 543 2655 interdum
567 2591 706 2666 deflexit,
722 2591 769 2653 ita
792 2598 828 2654 nt
851 2613 908 2674 pro
933 2591 1058 2655 usitatis
1081 2591 1147 2656 illis
1172 2591 1247 2658 ἀλλ’
1272 2593 1382 2679 ἔμοιγε
1500 2651 1501 2700 l

234 2692 318 2760 δοκεῖ
333 2699 365 2758 et
379 2698 424 2780 τῷ
440 2693 544 2780 ἀγῶνι
559 2698 624 2759 τῶν
642 2695 782 2771 Πυθίων,
799 2692 883 2760 δοκεῖ
898 2691 924 2760 δ’
941 2694 1044 2780 ἔμοιγε
1060 2702 1094 2759 et
1108 2700 1153 2781 τῷ
1168 2700 1232 2761 τῶν
1251 2697 1383 2764 Πυθίων

234 2798 336 2884 ἀγῶνι
359 2798 516 2878 diceret3‘
538 2806 635 2882 atque
651 2819 847 2882 quamquam
872 2799 906 2861 in
930 2819 1108 2864 sermonem
1123 2800 1287 2884 poeticum
1305 2822 1381 2864 nus-

233 2924 329 2986 quam
346 2902 530 2978 declinavit,
546 2924 629 2966 nova
651 2910 760 2967 tamen
783 2903 959 2986 composita
982 2904 1111 2988 linguae
1127 2903 1257 2967 Atticae
1279 2904 1381 2970 indoli

234 3006 459 3070 convenientia
490 3007 749 3089 frequentissime
780 3008 957 3090 usurpavit.
1015 3009 1104 3086 Quae
1139 3007 1264 3071 Polluci
1297 3019 1383 3073 certe

234 3111 366 3174 minime
398 3111 627 3194 placuerunt:³
661 3110 875 3175 Philostratus
902 3120 1012 3175 contra
1036 3112 1124 3188 dicit,
1148 3111 1259 3177 Attice
1282 3115 1383 3189 certo,

233 3222 269 3277 at
292 3216 455 3278 radiorum
474 3216 622 3298 fulgura,
645 3217 682 3278 in
707 3215 826 3279 Critiae
848 3218 986 3279 oratione
1006 3217 1168 3302 perlucere.
1214 3217 1289 3280 Huc
1312 3237 1383 3300 per-

234 3320 341 3382 tinent
378 3318 538 3402 permulta
568 3339 750 3402 cauponum
780 3327 813 3382 et
851 3319 1012 3382 fabrorum
1044 3319 1184 3396 nomina,
1216 3321 1384 3406 ὀρυιθοκά-

235 3429 342 3498 πηλοι,
374 3422 595 3504 ἱματιοπὼλαι,
626 3422 869 3510 λαχανοπῶλαι,
901 3421 1127 3510 σιδηροπιῗιλαι,
1159 3423 1383 3511 χαλκυπώλαι,

234 3524 453 3614 χορδοπῶλαι,
494 3531 706 3614 χρυσουργοί,
745 3524 1031 3614 δακτυλιογλύφου
1069 3533 1387 3615 κεκρυφαλοπλόκος,

234 3633 386 3716 μυρεψός·
420 3631 535 3695 deinde
574 3631 732 3714 adjectiva
767 3631 807 3693 ab
843 3632 972 3695 urbium
1008 3640 1039 3695 et
1074 3633 1219 3714 gentium
1259 3634 1385 3698 nomin-

237 3735 308 3798 ibus
333 3734 484 3811 derivata,
502 3739 758 3821 Μιλησιουργής,
780 3737 1050 3824 Κορινθιουργής,
1070 3743 1244 3825 Χιουργὴς,
1262 3737 1386 3814 ‘Paveo-

236 3843 345 3925 εργής·
367 3839 524 3903 accedunt
546 3860 648 3922 pauca
671 3839 711 3902 ad
729 3839 854 3921 judicia
876 3842 1063 3923 spectantia,
1090 3842 1138 3905 uti
1161 3839 1386 3930 ὃιδραχμιαῖοι,

237 3940 447 4020 ἁποὸιιιάζειν,
466 3940 665 4018 διαδικάζειν,
685 3940 951 4028 ψευδομάρτυρες,
972 3941 1248 4032 ψευδομαρτυρεῖν.
1294 3947 1389 4011 Inter
1500 4021 1501 4026 ἵ

236 4048 332 4110 verba
343 4055 493 4130 “qnornm
500 4049 650 4133 pleraque
662 4070 676 4110 e
690 4048 792 4110 Oricia
804 4050 985 4134 deprompta
995 4050 1089 4112 soot''
1101 4048 1390 4138 λαχανοπώλιὸες*

237 4149 565 4236 λαχανοπωλήτριαιῦ
608 4149 811 4236 νυροιιιῖιλυι6
854 4153 940 4234 apud
985 4154 1150 4218 Pollucem
1196 4155 1388 4238 reperimues,

1498 4109 1501 4172 l

237 4275 319 4337 quae
342 4256 450 4318 omnia
473 4255 513 4318 ab
530 4255 745 4337 Aristophane
762 4276 889 4339 quoque
905 4265 1119 4341 usurpantur:
1142 4260 1241 4323 ceteri
1257 4280 1390 4344 quoque
1500 4339 1501 4358 Χ

380 4447 386 4474 ¹
401 4444 442 4502 Of.
457 4444 540 4513 Blass,
553 4443 672 4499 Articabe
684 4443 890 4513 Beredsarakeit,
904 4448 925 4502 I.
940 4451 999 4504 266.

380 4529 390 4557 ²
406 4531 470 4588 Tere.
485 4531 549 4586 ilat.
563 4532 593 4586 V.
609 4537 633 4601 7,
646 4536 670 4589 8.
774 4533 838 4589 ³1rr.
852 4539 894 4590 32.
993 4535 1148 4606 ⁴Aristoph.
1169 4536 1241 4610 Veap.
1254 4541 1314 4596 497.

381 4617 537 4690 ³An'stopb.
553 4617 653 4673 Therae.
668 4621 728 4677 387.
884 4620 1035 4694 ⁶Aristoph.
1049 4622 1097 4694 Eq.
1111 4628 1171 4678 854.
