3018 5058
716 458 754 520 51

163 631 323 696 erraverit.
369 633 537 699 Praeterea
552 631 742 697 Aristoteles
759 631 872 715 Lysiae
888 629 1054 715 suffragari
1069 629 1215 694 videtur:
1236 650 1311 692 narn

163 735 198 798 in
211 735 379 823 Republica
396 737 627 802 Atheniensium
642 745 750 800 narrat
767 744 920 820 tyrannos
933 737 986 820 jus
1002 734 1143 818 suffragii
1161 733 1309 798 omnibus

155 839 327 920 ademisse,
343 840 399 924 qui
414 842 466 906 vel
489 838 737 924 Quadringentis
752 839 946 904 restitissent
961 840 1014 904 vel
1035 861 1087 904 eos
1103 837 1311 922 adjuvissent,

163 943 632 1026 quiEetioniamdelevissent.1
657 945 749 1022 Quod
760 945 1038 1009 cumhoctantum
1050 942 1311 1008 consiliofactum

163 1048 214 1123 sit,
224 1059 261 1110 ut
273 1049 483 1114 Theramenes
495 1071 551 1133 per
562 1048 700 1134 speciem
714 1049 875 1132 quandam
883 1049 966 1132 juris
978 1049 1230 1124 interficeretur,²
1240 1067 1311 1130 per-

162 1150 310 1233 spicuum
327 1159 382 1229 est,
395 1159 539 1218 auctores
552 1152 747 1218 decreti-et
760 1175 833 1217 cum
846 1152 957 1218 ceteris
972 1153 1312 1230 Critiam-Quadrin-

162 1255 507 1338 gentisnonrestitisse.
533 1259 621 1335 Quae
631 1279 705 1321 cum
715 1256 761 1320 ita
770 1256 1028 1321 sinttestimonia
1038 1256 1171 1340 antiqua
1182 1256 1311 1320 demon-

135 1403 136 1406 *
163 1365 263 1422 strare
279 1359 430 1425 videntur
446 1360 578 1426 Critiam
602 1361 675 1426 inde
691 1363 732 1425 ab
754 1361 847 1426 initio
864 1361 1040 1426 Alcibiadis
1058 1361 1177 1425 socium
1195 1360 1311 1438 fuisse3

164 1463 413 1548 Quadringentis
429 1473 536 1532 autem
553 1488 617 1530 non
632 1489 745 1530 ausum
760 1465 905 1532 resistere
930 1466 1005 1530 huic
1022 1465 1154 1529 factioni
1173 1464 1312 1528 invitum

164 1567 340 1645 accessisse,
357 1578 389 1632 et
412 1591 467 1653 per·
490 1572 558 1654 ejus
581 1570 722 1655 regimen
738 1593 835 1654 quam
858 1570 996 1634 maxime
1013 1570 1180 1653 quievisse,
1197 1567 1312 1632 deinde

164 1670 266 1753 prima
289 1671 364 1735 data
386 1673 548 1738 occasione
566 1672 742 1738 Alcibiadis
759 1684 864 1758 partes
887 1681 995 1758 aperte
1019 1674 1204 1756 amplexum
1228 1693 1304 1736 esse.

165 1776 367 1859 Quapropter
378 1798 506 1861 prorsus
522 1788 570 1842 est
586 1778 794 1862 improbabile
811 1801 884 1842 eum
900 1787 1041 1862 ternpore
1054 1799 1117 1862 quo
1134 1777 1313 1841 Muellerus

165 1879 530 1964 Pseudo-Xenophontis
552 1883 699 1948 libellum
722 1883 937 1967 conscriptum
960 1905 1027 1948 esse
1043 1888 1158 1958 censet,
1175 1903 1209 1945 se
1225 1879 1308 1964 opti-

164 1983 300 2047 matium
316 1985 456 2050 consiliis
472 1987 518 2050 ita
533 1986 801 2065 immiscuissent
816 1987 934 2072 placita
947 1989 1015 2071 ejus
1031 1987 1066 2050 in
1078 1985 1312 2071 aligarehorum

165 2086 370 2153 concionibus
397 2089 463 2154 sint
489 2090 616 2174 agitata.
674 2091 785 2156 Potius
812 2090 845 2154 in
872 2113 1042 2155 numerum
1066 2089 1244 2154 Alcibiadis
1267 2110 1314 2153 so

165 2192 286 2256 datium
309 2203 358 2258 est
389 2195 580 2279 redigendus
603 2218 682 2279 quos
705 2196 815 2261 Nicias
839 2197 924 2279 apud
957 2196 1177 2280 Thucydidem
1201 2197 1314 2257 notat.⁸

165 2297 289 2374 Quibus
313 2298 448 2382 cognitis
471 2299 678 2364 manifestum
701 2308 750 2365 est
782 2300 916 2366 Critiam
944 2298 1310 2382 Pseudo-Xenophontis

153 2400 382 2492 ,adversarium
414 2424 479 2466 non
510 2404 617 2480 fuisse,
647 2403 696 2468 ita
723 2411 760 2467 ut
792 2404 874 2468 nibil
906 2425 1018 2468 causae
1049 2405 1222 2468 habeamus
1255 2424 1315 2466 cur

164 2504 324 2568 Muellero
340 2504 374 2568 in
391 2506 451 2570 hac
465 2528 498 2570 re
511 2507 751 2591 suffragemur*

200 2697 207 2726 ¹
220 2695 327 2754 Aristot.
345 2699 474 2758 Atinates
488 2698 618 2767 πολιτεία,
633 2700 675 2756 37.

199 2783 332 2852 ’ἔγνωσαν
343 2788 395 2844 rein
407 2788 454 2857 ,cuir
470 2793 555 2843 datur
567 2789 606 2845 rol
618 2787 691 2843 dorna
705 2785 860 2858 supratacto
875 2785 1029 2860 Θιρωμίνιν
1041 2785 1065 2841 δι’
1078 2785 1223 2861 διαφθεῖραι
1235 2783 1316 2842 ro'rbi·

164 2874 210 2928 riu
222 2897 323 2946 τροπιν·
343 2899 364 2932 ιι.
379 2899 404 2934 τ,
419 2890 443 2933 λ.
481 2875 590 2934 Aristot.
604 2875 650 2932 loc.
665 2876 709 2933 cil.

200 2959 271 3018 'oris
298 2964 347 3028 tyb
372 2963 416 3033 (sa
444 2963 554 3033 Νικίας)
579 2965 637 3038 δρῦν
662 2968 703 3018 νῦν
727 2963 811 3019 ἐνθάδε
836 2966 872 3031 τῷ
899 2965 970 3031 αὐτῷ
995 2961 1065 3036 ἀνδρὶ
1092 2963 1318 3038 παρωκελενστοῢς

165 3051 323 3120 autetiam
336 3056 476 3121 φοβοῦμαι,
489 3053 569 3109 'rhua
584 3053 631 3109 VI.
647 3057 688 3109 13.
726 3053 764 3109 Cf.
778 3053 957 3120 Wilamowitz,
971 3070 1010 3122 op.
1025 3052 1068 3109 eit.
1084 3052 1105 3108 Ι.
1121 3055 1179 3107 161.

200 3139 275 3193 *Hic
296 3157 378 3210 paura
396 3143 428 3195 de
447 3141 607 3195 Callaeschro
625 3141 668 3194 illo
685 3140 833 3194 disserenda
851 3145 921 3210 sunt,
934 3141 986 3210 qui,
1000 3145 1067 3194 teste
1085 3140 1237 3208 Lysiacae
1256 3157 1315 3194 cum

166 3227 299 3297 Pisandro,
313 3229 479 3283 Theramenis
495 3229 610 3283 aemulus
623 3230 672 3282 sub
685 3230 807 3298 regimine
820 3228 1071 3298 Quadringentorum
1087 3229 1144 3282 luit.
1173 3227 1242 3281 Nam
1257 3245 1315 3282 cum

165 3332 259 3370 nomen
272 3315 426 3371 Callaeschri
444 3318 471 3370 in
491 3317 587 3371 Critiae
604 3317 701 3371 familia
714 3321 831 3371 occurrat
849 3317 975 3386 plerisque
993 3317 1079 3385 placet
1095 3316 1188 3385 Lysiae
1205 3316 1316 3370 Callaes-

165 3404 254 3458 chrum
270 3405 366 3459 Critiae
382 3407 552 3460 necessarium
563 3405 649 3461 fuisse.
688 3405 783 3475 Itaque
795 3405 910 3458 Blassius
922 3421 1022 3458 surnma
1035 3404 1190 3458 confidentia
1201 3405 1316 3458 affirmat

165 3509 224 3546 eum
238 3492 332 3546 Critiae
341 3498 442 3563 patrem
453 3494 539 3561 fuisse,
555 3495 595 3546 cui
609 3510 701 3546 nomen
714 3498 782 3547 certe
796 3493 955 3547 Callaeschro
967 3494 1025 3549 fuit.
1064 3492 1101 3547 At
1113 3495 1140 3545 in
1156 3491 1317 3547 Charmidea

165 3581 292 3648 prooemio
302 3581 414 3635 traditur
423 3582 531 3635 Critiam
540 3583 615 3635 initio
622 3582 682 3635 belli
691 3581 899 3651 Peloponnesiaci
909 3587 1021 3635 tutorem
1031 3582 1154 3650 patruelis
1164 3582 1317 3636 Charmidea

165 3669 252 3724 inisse.
291 3669 365 3735 Quod
377 3671 486 3723 officium
495 3670 551 3739 ipse
559 3670 654 3723 Critiae
663 3674 737 3739 pater
745 3671 766 3722 si
777 3671 889 3738 vixisset,
899 3669 968 3723 haud
978 3669 1054 3723 dubie
1064 3670 1222 3738 suscepisset.
1253 3670 1318 3734 Quis

166 3757 235 3809 enirn
244 3758 332 3810 credat
341 3757 430 3825 tilium,
443 3762 518 3827 patre
531 3759 595 3827 vivo,
604 3759 727 3827 patruelis
735 3762 847 3812 tutorem
859 3759 957 3811 iactum
970 3757 1043 3811 essel
1064 3757 1141 3811 Unde
1153 3759 1317 3827 perspicuum

165 3849 207 3898 ast
219 3845 414 3915 Callaeschrum,
428 3845 523 3900 Critiae
535 3850 643 3916 patrem,
650 3845 706 3914 jam
719 3846 823 3900 Periclis
835 3849 922 3900 aetate
935 3850 1042 3899 mortem
1055 3846 1154 3902 obiisse.
1189 3845 1314 3900 Rationes

166 3935 311 4001 temporum
319 3950 370 3987 non
378 3934 516 4004 prohibent
527 3935 663 4003 quominus
672 3938 792 4003 putemus
806 3934 993 3987 Callaeschrum
1002 3933 1097 3987 Critiae
1109 3933 1216 3987 fratrem
1228 3935 1317 3988 fuisse.

166 4019 218 4074 Sed
228 4021 329 4090 Critias,
339 4023 433 4092 quippe
443 4023 486 4092 qui
497 4039 588 4077 nomen
598 4023 640 4076 avi
650 4023 746 4086 tulerit,
757 4022 858 4076 videtur
867 4027 932 4075 natu
941 4023 1068 4074 niaximns
1078 4021 1156 4074 luisse
1164 4025 1244 4090 atque
1253 4022 1318 4074 satis

166 4110 619 4180 ostimprobabilafratremjuniorem
628 4110 1317 4179 majoremauctoritutemhabuissequamipseCritias.

167 4197 274 4251 Accedit
296 4199 364 4267 quod
383 4199 479 4252 Critiae
499 4199 587 4252 fratris
608 4215 736 4267 nusquam
758 4199 855 4252 mentio
874 4199 912 4265 iit,
931 4199 1047 4267 quamvis
1070 4199 1112 4250 vix
1134 4197 1252 4251 credibile
1273 4200 1315 4265 sit,

168 4284 312 4355 Platonem,
321 4287 393 4355 cnjus
402 4287 492 4340 eratin
502 4293 623 4355 cognatos
633 4287 746 4355 pietatis,
757 4286 825 4340 hunc
835 4303 915 4338 unum
926 4303 958 4339 ne
967 4286 1042 4338 verbo
1052 4286 1155 4354 quidem
1164 4285 1317 4344 laudavisse.

167 4371 293 4442 Droyseni
306 4374 486 4443 conjecturam,
500 4391 566 4443 qnae
579 4374 671 4442 Lysiae
684 4374 872 4428 Callaeschrum
883 4374 978 4428 Critiae
991 4373 1071 4427 filium
1084 4374 1163 4426 fuisse
1176 4374 1318 4444 contendit,

168 4461 276 4531 simplici
290 4463 481 4531 computatione
494 4463 607 4515 refellere
619 4463 689 4516 licet:
703 4479 762 4515 nam
775 4463 876 4528 Critias,
888 4463 974 4530 paucis
988 4465 1090 4514 tanturn
1103 4462 1178 4514 antris
1191 4466 1252 4514 ante
1266 4467 1318 4518 450

166 4565 189 4604 a.
212 4548 269 4605 Chr.
290 4555 374 4616 natira,
398 4549 467 4603 nullo
489 4549 563 4602 modo
584 4549 664 4602 filium
687 4549 780 4603 habere
802 4550 895 4619 potuit,
915 4550 959 4618 qui
977 4564 1047 4602 anno
1069 4552 1118 4602 411
1143 4549 1317 4619 Theramenis,

167 4637 248 4706 patris
259 4638 383 4707 aequalis,
395 4638 511 4690 seruulus
524 4638 610 4692 fuerit.
649 4637 742 4706 Itaque
755 4653 812 4690 curn
830 4636 922 4705 Lysiae
936 4637 1111 4690 Callaeschros
1125 4654 1171 4690 nec
1184 4643 1258 4706 pater
1272 4655 1317 4691 nec
