3018 5058
618 1077 710 1142 CAP.
742 1077 786 1140 ll.

169 1252 189 1338 ξ
204 1254 229 1315 1.
245 1253 385 1316 ‹ludiciis
397 1251 474 1316 satis
490 1251 584 1314 certis
596 1251 763 1314 conficitur
776 1250 909 1314 Critiam
922 1250 1005 1313 circa
1020 1271 1142 1314 annum
1155 1249 1274 1319 455154

88 1430 89 1433 ¹
125 1364 200 1419 ante
232 1355 396 1420 Christum
428 1361 540 1418 natum
570 1355 604 1416 in
634 1353 739 1418 lucem
771 1353 893 1418 editum
925 1357 1012 1417 essa¹
1058 1352 1223 1437 Originem
1256 1373 1275 1414 a

125 1459 270 1542 Dropida
302 1459 365 1535 illo,
390 1459 515 1523 Solonis
539 1458 690 1522 familiari
721 1465 754 1522 et
786 1463 927 1542 cognato,
952 1458 1053 1534 duxit,
1077 1457 1133 1541 qui
1156 1457 1217 1521 sibi
1240 1457 1274 1518 in

126 1562 291 1646 republica
312 1562 450 1647 gerenda
473 1583 622 1646 magnam
645 1569 812 1645 pepererat
835 1562 973 1626 senemr
1017 1561 1172 1645 Ejusdem
1189 1560 1274 1622 filius

127 1665 244 1729 Critias
261 1665 362 1730 flavus
379 1664 457 1730 adeo
473 1687 491 1728 a
507 1664 607 1748 patris
624 1665 745 1728 virtute
769 1663 960 1739 declinabat,
976 1670 1014 1728 ut
1037 1665 1111 1728 Solo
1127 1663 1275 1748 quamvis

125 1770 289 1853 Dropidae
304 1770 463 1833 familiam
479 1769 638 1833 celebrare
654 1770 767 1833 solitus
784 1790 887 1833 mores
911 1769 1008 1853 hujus
1027 1769 1159 1852 juvenis
1175 1768 1275 1832 versi-

127 1873 186 1936 bus
217 1872 338 1956 publici
364 1873 448 1955 juris
478 1873 572 1935 factis
599 1873 789 1957 castigaret.³
833 1872 958 1950 Quibus
990 1872 1079 1936 nisus
1111 1870 1275 1954 Cleophon

126 1980 228 2038 totam
251 1980 378 2058 gentem
402 1975 546 2039 libidinis
569 1974 787 2038 insimulavit:
823 1996 927 2058 neque
959 1975 1027 2038 sine
1047 1975 1130 2058 juris
1163 1974 1276 2058 specie,

125 2077 265 2141 traditur
288 2078 374 2142 onim
399 2078 533 2142 Critiarn
557 2079 717 2161 quendam
741 2078 782 2141 ab
798 2080 999 2141 Anacreonte
1022 2083 1165 2140 amatum
1189 2079 1277 2140 esse.⁴

126 2183 265 2245 Familia
295 2204 367 2245 cum
398 2182 610 2246 Anacreontis
647 2189 718 2244 turn
754 2181 889 2244 aliorum
920 2188 1087 2265 poetarum
1122 2180 1272 2244 laudibus
1352 2211 1356 2223 ·

126 2286 273 2349 floruit:⁵
306 2286 381 2350 fasti
413 2293 523 2349 contra
552 2307 654 2369 usque
684 2286 724 2348 ad
757 2286 876 2349 Critiae
907 2286 1037 2368 tyranni
1068 2291 1203 2348 aetatem
1237 2284 1276 2347 de

125 2389 290 2473 Dropidae
316 2396 409 2473 gente
436 2389 539 2453 silent.
587 2388 684 2454 Unde
707 2388 854 2473 colligere
881 2389 957 2452 lieet
985 2389 1103 2452 Critiae
1130 2389 1277 2471 majores,

127 2492 281 2557 mollibus
305 2492 422 2556 Bacchi
438 2501 471 2556 et
482 2493 617 2556 Veneris
632 2493 758 2576 gaudiis
775 2500 948 2568 enervatos,
963 2513 980 2554 a
995 2491 1133 2575 puhlicis
1150 2492 1276 2555 honori-

126 2599 190 2660 bus
219 2618 344 2661 aversos
373 2597 472 2660 vitam
499 2597 580 2660 luxu
607 2603 639 2660 et
665 2596 832 2680 voluptate
860 2596 1102 2679 consumpsisse.
1149 2595 1276 2673 Quibus

126 2699 220 2764 vitiis
243 2701 310 2783 ipse
335 2700 451 2764 Critias
476 2721 539 2763 non
563 2721 691 2784 prorsus
715 2701 842 2763 carebat
865 2708 903 2763 ut
925 2721 964 2763 ex
992 2700 1048 2762 illo
1076 2698 1274 2783 Euthydemi

127 2825 237 2868 amore
261 2809 425 2886 apparet:⁸
448 2805 583 2868 eundem
607 2811 715 2868 tamen
739 2804 872 2867 ambitio
896 2804 1028 2868 honesta
1052 2805 1092 2867 ad
1114 2802 1278 2887 Dropidae

126 2909 242 2973 laudes
258 2908 464 2972 aemulandas
480 2909 662 2973 accendisse
675 2909 819 2972 videtur:
843 2915 1037 2992 quapropter
1053 2908 1156 2972 otium
1172 2929 1278 2991 asper-

127 3019 227 3077 natus
251 3035 351 3097 usque
375 3035 393 3077 a
416 3035 514 3097 puero
537 3035 571 3078 se
587 3013 684 3078 variis
708 3014 824 3078 studiis
847 3014 1024 3090 exercebat,
1040 3012 1278 3096 pueritiamque
1370 2993 1374 3010 ¹

128 3117 226 3180 modo
253 3137 396 3201 egressus
423 3137 496 3181 cum
523 3117 738 3200 sophistarum
765 3124 836 3180 tum
864 3116 1002 3180 Socratis
1029 3137 1190 3180 sermones
1218 3116 1279 3178 fre·

128 3227 286 3304 quentare
302 3220 413 3303 coepit.

177 3323 309 3400 Qua‘ex
332 3344 366 3387 re
382 3323 527 3407 quaestio
549 3322 745 3407 perdifficilis
769 3329 838 3387 orta
860 3330 915 3387 est
962 3323 1009 3387 Ea
1032 3323 1119 3389 enim
1135 3343 1217 3406 quae
1240 3321 1279 3385 de

128 3426 252 3492 Critiae
268 3441 342 3491 cum
365 3429 493 3492 Socrate
517 3426 749 3491 consuetudine
772 3427 953 3510 accepimus
977 3427 1117 3491 maxima
1133 3447 1172 3490 ex
1188 3434 1279 3509 parte

127 3553 149 3594 a
182 3530 317 3595 Platone
348 3538 380 3595 et
411 3531 626 3615 Xenophonte
656 3537 798 3607 manant,
829 3531 885 3614 qui
916 3530 1000 3594 hanc
1029 3551 1104 3606 rem,
1132 3530 1280 3613 quamvis

127 3633 262 3718 utrique
278 3635 355 3700 satis
372 3643 448 3700 nota
464 3657 532 3700 esse
548 3635 701 3711 debuerit,
717 3635 763 3698 ita
778 3635 811 3697 in
829 3635 990 3698 diversum
1006 3633 1148 3709 trahunt,
1165 3640 1202 3698 ut
1224 3640 1281 3697 aut

128 3739 210 3804 huie
222 3746 279 3803 aut
293 3739 342 3803 illi
358 3735 436 3805 fide's
450 3740 656 3804 detrectanda
667 3761 736 3804 5555
748 3740 901 3803 videatur,
937 3740 1118 3822 Xenophon
1131 3738 1281 3802 videlicet

129 3851 296 3908 asseverat
323 3845 465 3920 Critiam,
489 3845 714 3929 quaestionum
738 3865 756 3907 a
780 3845 909 3907 Socrate
932 3843 1125 3927 agitatarum
1152 3862 1280 3925 prorsus

129 3947 342 4025 incuriosum,
365 3949 564 4013 sermonibus
588 3950 656 4032 ejus
682 3948 743 4012 hoo
769 3952 897 4011 tantum
925 3947 1059 4011 oonsilio
1085 3947 1281 4020 interfuisse,

127 4059 170 4116 ut
193 4056 296 4114 artem
319 4051 505 4135 disputandi
528 4059 697 4128 exerceret,
713 4051 901 4135 copiamque
925 4050 1052 4116 dicendi
1075 4059 1107 4114 et
1130 4050 1280 4134 respond·

129 4154 210 4220 endi
234 4157 421 4240 acquireret,
437 4178 501 4240 qua
525 4157 642 4220 oratori
658 4155 796 4220 Athenis
819 4177 899 4239 opus
923 4154 1010 4219 erat⁷
1054 4155 1147 4219 Plato
1170 4162 1281 4219 contra

129 4281 198 4324 non
222 4261 316 4323 modo
341 4261 460 4324 Critiae
482 4261 646 4344 ingenium
671 4260 806 4324 summis
828 4259 979 4323 laudibus
1002 4259 1113 4334 effert,⁸
1128 4260 1183 4323 sed
1207 4280 1280 4322 eum

203 4481 210 4509 ¹
225 4477 263 4530 Cf.
277 4477 356 4534 Bach.
369 4494 409 4546 cp.
423 4476 466 4531 eit.
480 4486 497 4535 8
502 4497 509 4543 ;
528 4477 629 4546 laidet,
643 4495 683 4548 op.
697 4477 740 4531 cit.
757 4482 796 4532 10.
942 4476 951 4504 ²
965 4477 1033 4532 Test.
1047 4479 1111 4535 Aac.
1126 4477 1147 4531 I.
1164 4485 1185 4533 l.

203 4563 296 4618 'Test
310 4565 376 4618 Ant.
390 4565 428 4618 Π.
442 4569 466 4620 6.
573 4564 666 4619 ⁴Test.
680 4565 746 4618 Aac.
761 4565 782 4619 I.
796 4569 820 4621 4.
928 4564 1018 4622 ‘'Test.
1034 4566 1097 4622 Ant.
1113 4565 1134 4622 Ι.
1150 4569 1174 4620 2.

165 4653 256 4708 ‘Xan
270 4651 348 4710 Mem.
363 4653 384 4708 Ι.
399 4657 423 4722 2,
437 4657 479 4710 29.
523 4651 608 4709 ⁷Xen.
626 4651 700 4710 Mem.
715 4653 736 4709 Ι.
751 4657 775 4721 2,
790 4651 821 4722 ἓξ
839 4657 931 4708 12-39.
977 4653 1064 4707 ⁸Plat.
1083 4652 1150 4706 Tira.
1166 4657 1200 4706 20
1214 4653 1244 4708 A.
