3018 5058
795 438 816 498 8

226 610 324 671 ταῦτα
341 607 395 672 καὶ
411 606 487 695 περὶ
511 607 921 695 Rama-Hermogenes
943 610 1018 698 περὶ
1043 610 1132 676 ἰδεῶν
1147 615 1190 677 Π.
1212 616 1362 697 11(Είιιι.

228 712 329 776 θιάεο.
346 715 405 776 Ed.
429 713 604 789 Walz,1ss.
623 714 708 794 388).

268 852 327 934 (6.)
358 851 416 934 την
438 851 465 916 δ’
488 850 573 917 ἰδέαν
596 855 653 917 τοῦ
674 851 773 933 λόγου
795 851 969 935 δογματίας
992 852 1008 919 ό
1032 853 1167 942 Κριτίας
1190 855 1244 920 καὶ
1266 865 1365 921 πολυ-

224 954 360 1040 γνὼμων
397 960 637 1040 σεμνολογῆσαι
672 982 706 1020 τε
745 953 946 1041 ἱκανώτατος,
977 957 1014 1022 οῦ
1051 959 1109 1041 τὴν
1143 958 1366 1048 διθυραμβώδη

225 1067 449 1146 σεμνολογίαν,
466 1060 539 1126 οὐδέ
566 1060 833 1146 καταφεύγουσαν
848 1061 878 1131 ἐς
905 1059 945 1126 τό
972 1066 1004 1128 ἐκ
1030 1069 1197 1146 ποιητικῆς
1221 1064 1366 1150 ὀνόματα,

225 1165 301 1231 ἀλλ’
318 1165 354 1230 ἐκ
376 1170 439 1232 τῶν
462 1168 667 1254 κυριωτάτων
689 1165 898 1248 συγκειμένην
916 1165 969 1231 καὶ
992 1166 1075 1232 κατὰ
1099 1167 1198 1256 φῦσιν
1221 1169 1365 1256 ἔχουσαν.

226 1268 288 1358 όρῶ
301 1270 355 1336 τάν
364 1270 464 1359 ἀνδρα
476 1269 529 1335 καὶ
540 1271 813 1358 βραχυλογοῦντα
826 1269 938 1341 ἱκανῶς
950 1270 1004 1336 καὶ
1014 1271 1119 1343 δεινῶς
1130 1273 1369 1356 καθαπτόμενον

224 1375 257 1440 ἐν
274 1377 451 1458 ἀπολογίας
465 1374 544 1457 ἤθει,
562 1374 758 1454 ἀττικίζοντά
786 1400 821 1439 τε
847 1374 905 1439 οῦκ
932 1375 1075 1463 ἀκρατῶς
1098 1376 1168 1443 οῦδὲ
1191 1377 1368 1465 ἐκφανλῶς·

226 1479 262 1545 τὸ
292 1479 356 1568 γὰρ
388 1481 605 1568 ἀπειρόκαλον
629 1479 662 1544 ἐν
685 1482 730 1564 τῷ
753 1481 921 1561 ἀττικίζειν
943 1481 1125 1569 βάρβαρον,
1152 1481 1229 1547 ἀλλ’
1258 1483 1366 1571 ὡσπερ

224 1585 361 1650 ἀκτίνων
375 1582 472 1666 αὐγαὶ
495 1582 536 1648 τὰ
554 1583 688 1649 Ἀττικά
704 1583 847 1666 ὀνόματα
871 1583 1072 1672 διαφαίνεται
1087 1591 1143 1651 τοῦ
1165 1591 1273 1669 λογοῦ.
1318 1586 1368 1652 καὶ

224 1687 260 1753 τὸ
277 1687 457 1758 ἀσυνδέτως
481 1687 514 1752 δὲ
537 1693 648 1774 χωρίῳ
670 1689 874 1774 προσβαλεῖν
898 1689 1033 1776 Κριτίου
1048 1688 1124 1777 ὥρη,
1141 1689 1247 1755 καὶτὸ
1263 1716 1366 1777 παρα-

223 1793 324 1876 δόξως
349 1793 375 1857 δ’
394 1793 592 1876 ἀπαγγεῖλαι
616 1793 752 1879 Κριτίου
777 1793 870 1875 ἀγών·
914 1792 951 1858 τὸ
977 1793 1010 1858 δέ
1034 1799 1091 1860 τοῦ
1114 1797 1217 1877 λόγου
1243 1801 1368 1876 πνεῦμα

200 1930 204 1940 ·
223 1897 454 1985 ἐλλιπέστερον
468 1897 536 1982 μέν,
552 1897 612 1978 ἡδὺ
637 1896 671 1961 δέ
693 1896 746 1961 καὶ
767 1903 855 1963 λεῖον
871 1897 979 1985 ῶσπερ
1003 1903 1060 1965 τοῦ
1082 1897 1260 1986 Ζεφύρουὴ
1277 1898 1368 1987 αὔρα.

222 2004 394 2066 -Ρίιίίοεί,
419 2004 480 2066 ίῘιί.
497 2004 586 2085 δορίι.
605 2003 629 2066 Ι.
649 2004 695 2065 16.

265 2134 322 2216 (7.)
346 2132 374 2198 εἰ
393 2133 418 2197 δ’
446 2131 510 2198 ἀπὸ
534 2131 687 2215 ὀνόματος
707 2131 828 2219 ἤρξατο
843 2132 930 2218 αὐτῷ
943 2132 1039 2215 λόγος
1062 2134 1286 2221 ἀποφαντικοῦ
1301 2133 1368 2198 οἷον

222 2238 340 2304 (ἐδοκεῖ
360 2238 386 2302 δ’
412 2237 518 2320 ἔμοιγε
529 2236 546 2264 ”
563 2237 779 2323 σκληρότερος
801 2237 841 2301 ἀν
856 2235 977 2320 ἐγένετο
1000 2235 1017 2302 ὁ
1042 2236 1137 2320 λόγος
1159 2237 1211 2302 καὶ
1235 2241 1365 2320 μᾶλλον

222 2342 358 2428 Κριτίου
374 2341 479 2424 ἔδοξεν
493 2340 533 2406 ἃν
548 2339 627 2406 εἶναι
649 2339 669 2422 ἤ
685 2367 768 2411 τινος
792 2345 855 2405 τῶν
878 2339 1369 2424 τοιοότων.-Ανι’8ίιίίι8“(Ηίιει·

223 2447 330 2510 Graec.
348 2446 404 2509 Ed.
423 2447 567 2530 Spengel,
585 2446 628 2508 II.
648 2446 732 2530 517).

266 2588 322 2668 (8.)
357 2583 463 2650 ἰστέον
486 2583 519 2648 δέ
541 2582 592 2648 ὅτι
614 2582 812 2669 διορθοῦνται
835 2585 892 2666 τήν
914 2583 1074 2650 εὐτέλειαν
1096 2583 1131 2649 αἱ
1153 2585 1369 2656 ἀντιπτώσεις

221 2699 275 2764 καὶ
292 2700 505 2786 ἀναστροφαί·
542 2696 609 2762 οἷον
624 2696 715 2779 “ε’γῶ
731 2697 798 2783 ἐχω
814 2696 968 2785 πατέρα·”
1004 2703 1097 2763 τοῦτο
1114 2697 1250 2780 εὐτελὲς,
1265 2696 1371 2763 κοινὸν

220 2815 291 2899 γάρ·
337 2809 366 2875 εἰ
389 2809 423 2875 δέ
445 2809 549 2892 λέγεις
576 2808 673 2889 “ἐμόι
699 2813 769 2874 ἐστι
794 2808 932 2897 πατὴρ”
960 2809 1098 2898 ἐκφεύξῃ
1123 2810 1181 2891 τὴν
1207 2808 1371 2876 εὐτέλειαν

221 2923 273 2990 διὰ
299 2929 356 3005 τῆς
382 2921 618 2992 ἀντιπτώσεως.
673 2920 756 2987 κατὰ
778 2921 813 2986 δέ
839 2922 1057 3011 ἀντιστροφὴν
1080 2923 1146 2989 οἷον
1168 2923 1243 3010 ἰτῷ
1267 2925 1368 3006 ἀγῶνι

221 3042 284 3104 τῶν
310 3035 467 3103 Πυθίων·”
513 3040 606 3101 τοῦτο
632 3033 735 3100 κοινόν
755 3036 809 3101 καὶ
832 3035 965 3106 εὐτελές·
1012 3037 1100 3103 ἀλλα
1124 3037 1260 3124 Κριτίας
1283 3036 1371 3102 ἀντι-

222 3150 371 3238 στρέψας
397 3148 468 3214 εἶπε
494 3151 567 3234 “τῷ
593 3150 657 3214 τῶν
684 3148 817 3215 Πυθίων
845 3150 1175 3232 ἀγῶνι.”-Μαωιήιιιε
1201 3151 1370 3214 Ρίαιιυιίιε.

224 3265 423 3330 θουιωιιιιαν.
446 3266 483 3326 ιἰι
506 3263 644 3344 Ηιιτιιορ.
669 3261 745 3350 περὶ
768 3261 859 3328 ἰδεῶν
874 3263 978 3346 (Rhet.
1004 3264 1112 3327 Graec.
1138 3264 1194 3325 Ed.
1212 3262 1312 3338 Walz‚
1328 3262 1369 3326 V.

221 3377 397 3457 483,484)

266 3517 323 3599 (9.)
347 3517 526 3601 προσέκειτο
548 3519 605 3594 μὲν
628 3516 693 3600 γὰρ
716 3516 771 3596 (sc.
787 3512 935 3599 Ἡρώδης
960 3514 1102 3593 Λττικῦς)
1119 3522 1184 3582 τοῖς
1206 3512 1376 3606 παλαιοῖς,

222 3623 267 3707 τῷ
290 3618 321 3686 δὲ
350 3605 460 3704 Κριτίᾳ
488 3622 536 3682 καὶ
563 3623 787 3704 τροσετετίικει·
820 3623 869 3683 καὶ
900 3621 1095 3704 παρήγαγεν
1122 3618 1222 3682 αὐτὸν
1249 3620 1282 3692 ἐς
1307 3617 1374 3693 ἢθη

222 3725 404 3802 Ἑλλήνων,
426 3726 504 3797 τέως
531 3723 751 3805 ἀμελοίιμενον
775 3727 824 3787 καὶ
852 3720 1278 3809 περιορώμενον-Παίοσί.
1312 3721 1375 3784 Vit.

225 3829 360 3916 Sophist.
380 3828 423 3891 II.
443 3829 469 3891 1.

267 3969 345 4050 (10.)
370 3966 560 4051 είλικρινόυς
579 3961 610 4030 δὲ
636 3970 685 4029 καὶ
710 3965 852 4051 καθαροῦ
876 3970 924 4029 καὶ
942 3965 1087 4028 Ἀττικοῦ
1102 3965 1208 4047 λόγου
1226 3965 1377 4038 κανόνας

223 4078 271 4138 καὶ
305 4072 451 4151 σταθμία,Ι
489 4077 536 4134 καί
575 4065 773 4155 παράδειγμά
806 4083 902 4154 φησιν
934 4068 988 4151 (sc.
1020 4068 1203 4154 Φρόυὶχος)
1235 4067 1378 4154 ἀριστων

226 4177 385 4242 [Ιλότωνό
416 4202 446 4239 τε
479 4177 529 4238 καὶ
557 4173 768 4255 Δημοσθένην
797 4174 873 4252 μετὰ
905 4179 961 4236 τοῦ
990 4171 1158 4258 ῥητορικοῦ
1187 4174 1253 4235 τῶν
1280 4174 1377 4236 ἐννέα

222 4287 333 4368 χοροῦ,
349 4276 549 4354 Θουκυδίδην
562 4306 592 4343 τε
610 4283 658 4343 καὶ
676 4282 876 4362 Ξενοφῶντα
892 4282 939 4342 καὶ
955 4281 1114 4364 Αἰσχίνην
1125 4283 1181 4340 τοῦ
1195 4279 1377 4350 Λυσανίου,

221 4389 279 4450 τὸν
303 4385 513 4470 Σωκρατικὸν,
541 4386 669 4468 Κριτίαν
691 4411 722 4447 τε
746 4384 803 4446 τὸν
831 4384 1065 4467 Καλλαίσχρου
1089 4385 1138 4445 καὶ
1163 4381 1377 4454 Ἀντισθένην

221 4491 295 4572 μετὰ
311 4495 376 4553 τῶν
391 4491 534 4573 γνησίων
551 4485 646 4551 αὐτοῦ
662 4483 719 4550 δύο
735 4488 857 4570 λόγων,
875 4491 932 4549 τοῦ
947 4491 1017 4571 περὶ
1038 4488 1143 4571 Κόρου
1161 4489 1208 4550 καὶ
1225 4490 1281 4548 τοῦ
1295 4489 1377 4569 περὶ

220 4590 593 4666 Ὠδυσσείαᾳ-Ρίιοιιύι
612 4589 680 4672 (Ed.
699 4589 850 4672 Bekker),
868 4590 940 4664 101,
957 4589 984 4651 b.
1002 4590 1029 4652 9.
