3018 5058
688 417 728 481 11

135 589 283 675 μαθόντες
314 589 388 658 οὔτε
419 595 471 658 ὅτι
501 590 620 674 λαἠνος
651 590 705 656 καὶ
737 588 905 677 ὑβριστὴς,
929 588 993 674 καὶ,
1017 588 1053 656 τὸ
1076 587 1123 655 ἔτι
1154 588 1276 655 τούτων

136 696 314 783 αἴσχιστον,
340 701 391 762 ὅτι
421 694 479 778 τὴν
506 695 631 761 ἀσπίδα
655 693 832 775 ἀπέβαλεν·
867 695 925 759 οὐκ
956 694 1075 778 ἀγαθὸς
1105 693 1168 781 ι’ίρα
1193 693 1232 774 ἦν
1258 693 1274 758 ὁ

136 798 332 887 Ἀρχιλοχος
343 799 465 887 μάρτυς
478 800 590 885 ἐαυτῷ,
603 803 747 863 τοιοῦτον
762 796 854 867 κλέος
869 797 1040 864 ἀπολιπὼν
1056 797 1109 863 καὶ
1125 796 1276 878 τοιαύτην

136 903 233 990 ἑαυτῷ
249 903 539 989 φήμην.-Αιίι“αιι.
561 905 635 966 Var.
655 903 734 965 Ηιάί.
754 903 793 964 X.
813 904 861 965 13.

174 1058 252 1141 (10.)
289 1055 387 1141 Λέγει
416 1056 552 1145 Κριτίας
582 1055 811 1138 Θεμιστοκλέα
840 1054 897 1120 τὸν
927 1054 1118 1140 Νεοκλέους,
1149 1055 1227 1141 πρὶν
1255 1055 1276 1136 ἦ

134 1159 291 1248 ἄρξασθαι
327 1160 563 1245 πολιτεύεσθαι,
595 1159 668 1247 τρία
698 1162 843 1224 τάλαντα
874 1157 960 1245 ἔχειν
989 1157 1047 1239 τὴν
1076 1159 1190 1223 οὐσίαν
1219 1159 1277 1240 τὴν

134 1268 292 1353 πατρῷον·
316 1264 386 1331 ἐπεὶ
402 1264 435 1330 δὲ
459 1269 521 1331 τῶν
536 1268 648 1330 καινῶν
663 1262 816 1350 προέστη,
834 1261 902 1328 εῖτα
925 1262 1022 1349 ἔφυγε
1045 1262 1098 1327 καὶ
1121 1262 1276 1346 ἐδημεύθη

134 1369 229 1436 αὐτοῦ
244 1371 264 1451 ἡ
280 1370 387 1454 οὐσία,
400 1369 614 1456 κατεφωραίθη
628 1367 740 1434 ἑκατὸν
752 1366 921 1432 ταλάντων
932 1367 1036 1432 πλείω
1054 1367 1166 1432 οὐσίαν
1182 1367 1276 1456 έχων·

134 1472 246 1556 ὁμοίως
271 1473 305 1539 δέ
329 1473 383 1539 καὶ
408 1473 547 1539 Κλέωνα
570 1473 635 1560 πρὸ
659 1477 717 1538 τοῦ
741 1472 915 1560 παρελθεῖν
931 1471 985 1536 ἐπὶ
1008 1471 1050 1536 τὰ
1067 1471 1156 1537 κοινὰ
1180 1471 1278 1554 μηδὲν

133 1581 193 1643 τῶν
229 1577 353 1644 οἰκείων
383 1576 549 1664 ἐλεύθερον
579 1576 667 1642 εἶναι·
698 1575 779 1658 μετὰ
811 1574 844 1640 δέ
874 1575 1073 1657 πεντήκοντα
1105 1576 1278 1641 ταλάντων

133 1682 186 1748 τὸν
201 1681 287 1748 οἶκον
302 1681 642 1748 ἀπέλιπεν-Αιίιάιι.
668 1682 741 1744 Var.
759 1681 842 1744 Hist.
860 1682 898 1744 X.
918 1680 966 1749 17.

176 1821 252 1904 (11.)
275 1820 456 1903 Ἐφιάλτου
468 1819 502 1884 δὲ
517 1817 696 1890 κωλύοντος
711 1817 765 1884 καῖ
780 1817 1072 1906 διαμαρτυρομένου
1086 1816 1131 1901 μὴ
1145 1819 1278 1900 βοηθεῖν

130 1923 202 2005 μηδ’
232 1924 425 1989 ἅντιστάναι
447 1921 547 1987 πόλιν
572 1921 752 1987 ἀντίπαλον
779 1920 834 1985 ἐπὶ
861 1920 918 1990 τὰς
945 1919 1093 2001 Ἀθήνας,
1122 1921 1198 1986 ἀλλ’
1224 1922 1279 1986 έιῖν

134 2027 260 2092 κεῖσθαι
283 2025 337 2090 καὶ
359 2026 543 2107 πατηθῆναι
566 2025 602 2090 τὸ
619 2023 767 2112 φρόνημα
782 2030 838 2106 τῆς
861 2018 1024 2111 Σπάρτης,
1044 2024 1181 2108 Κίμωνά
1196 2031 1279 2111 φησι

131 2130 266 2218 Κριτίας
289 2129 347 2211 τὴν
362 2135 417 2211 τῆς
440 2130 594 2218 πατρίδος
616 2129 753 2212 αὔξησιν
769 2129 801 2193 ἐν
818 2127 942 2216 ὑστέρῳ
959 2127 1088 2212 θέμενον
1103 2135 1159 2195 τοῦ
1174 2132 1278 2195 Λακε-

54 2303 58 2310 ,
130 2233 301 2317 δαιμονίων
326 2233 555 2321 συμφέροντος,
583 2235 803 2299 άναπεισαντα
835 2232 890 2298 τὸν
914 2232 1013 2314 δῆμον
1037 2234 1176 2316 ἐξελθεῖν
1198 2236 1278 2314 βοη-

131 2339 248 2404 θοῦντα
263 2337 344 2421 μετὰ
358 2340 494 2403 πολλῶν
510 2336 793 2403 ὁπλιτῶν-Ρίιιί.
814 2339 888 2401 θυαε.
907 2339 955 2401 16.

175 2478 254 2560 (12.)
278 2473 364 2540 Οἶδα
378 2473 441 2563 ιγῖιρ
457 2473 496 2558 δὴ
511 2474 566 2541 καὶ
588 2474 728 2563 Κριτίαν
743 2474 798 2540 τὸν
814 2473 977 2561 σοφιστὴν
992 2475 1050 2541 οὐκ
1072 2476 1108 2541 ἐκ
1130 2477 1280 2564 πατέρων

130 2580 207 2646 ἀλλ’
232 2579 379 2668 Ὁμήρου
409 2578 447 2660 δὴ
476 2578 576 2662 μάνου
600 2584 660 2645 σὺν
690 2582 736 2666 τῷ
765 2579 866 2665 πατρὶ
896 2579 1145 2667 ἐπιμνησθέντα,
1171 2582 1279 2664 ἐπειδὴ

129 2686 240 2768 θαῦμα
255 2684 413 2765 δηλώσειν
429 2685 545 2767 ε’μελλε
560 2683 686 2772 πατέρα
700 2683 835 2771 Ὁμήρῳ
851 2684 999 2768 ποταμὸν
1013 2684 1277 2751 εῖναι-Ρίιιῖοςί.
1368 2726 1370 2728 -

107 2865 116 2882 ·
139 2791 202 2853 Vz't.
219 2790 350 2873 δοραῖς(
367 2792 500 2853 Ρνοοιαι.

173 2929 252 3012 (13.)
276 2929 449 3016 Μάρτυρες
465 2927 594 2993 ἔσονται
609 2927 639 2992 οἱ
653 2927 752 3013 σοφοὶ
768 2928 798 2992 εἴ
818 2955 882 2993 που
898 2927 964 2997 ἐνὸς
987 2931 1051 2992 τῶν
1067 2927 1150 3015 ἑπτὰ
1165 2933 1278 3011 σοφῶν

128 3031 203 3096 ἐστι
226 3031 263 3098 τὸ
288 3031 486 3118 άπαφθέιγμα
509 3030 624 3113 Μηδὲν
643 3032 735 3118 ἄγαν,
752 3037 833 3120 ὅπερ
859 3031 986 3097 Χιλωνι
1011 3033 1216 3099 ἆνατίθεασιν
1240 3034 1281 3105 ὡς

129 3135 268 3223 Κριτίας
284 3135 338 3200 καὶ
354 3136 667 3224 Πίνδαρος-δαίωί.
685 3140 734 3201 αθ.
751 3139 864 3220 Ειικίρ.
883 3138 1011 3220 Ηιρροί.
1029 3139 1099 3202 265.

176 3274 256 3357 (14.)
280 3273 414 3339 Μαινιαα
439 3275 639 3362 θααιηίίίααηι
663 3276 875 3341 hexametrum
899 3277 1056 3340 inventum
1074 3277 1227 3362 ραιίαίιαι
1242 3279 1280 3342 ab

133 3377 259 3466 Orpheo
291 3378 407 3444 Critias
437 3381 555 3444 asserit.
611 3380 701 3445 Mall.
730 3379 886 3444 Theodor.
942 3380 1098 3462 (Gramm.
1128 3381 1194 3444 Lat.
1223 3382 1279 3445 Ed.

126 3482 216 3559 Keil,
231 3483 272 3548 vi.
290 3483 376 3565 589).
1352 3488 1357 3497 “

575 3623 608 3687 O.
634 3621 839 3710 Ἀφορισμόι.

175 3769 255 3849 (15.)
279 3766 416 3854 Κριτίας
432 3768 525 3855 ἐντῷ
541 3795 661 3856 πρωτῳ
678 3769 872 3857 Ἀφορισμῷ
887 3769 964 3835 τάδε
977 3774 1104 3858 γράφει.

176 3869 272 3951 Μηδὲ
302 3869 324 3934 ῖι
358 3874 403 3957 τῷ
433 3872 526 3958 ἄλλῳ
559 3873 685 3955 σώματι
716 3872 906 3938 αἰσθάνεται
937 3874 1017 3956 μηδὲ
1048 3873 1070 3938 ἃ
1100 3878 1139 3961 ‘12⁸
1171 3874 1281 3961 γνώμῃ

123 3972 312 4058 εγαγναίσκει.
369 3975 423 4040 καὶ
450 3981 553 4042 πάλιν
580 3977 820 4059 Γιιγνώσκουσιν
847 3977 877 4043 οἱ
903 3977 1069 4065 ἄνθρωποι
1096 3979 1125 4045 εἰ
1149 3979 1197 4054 τῖς
1223 3981 1282 4063 μὲν

125 4077 265 4162 ὑγιαίνει
280 4080 319 4163 τῇ
333 4078 601 4164 ‘ww—Galen
619 4083 675 4164 (ed.
693 4082 819 4162 Kfihn),
836 4084 964 4148 XVIII.
982 4086 1052 4148 656.

392 4240 431 4302 D.
456 4238 539 4326 Περὶ
563 4240 689 4325 φύσεως
712 4242 828 4327 ’ἔρωτος
849 4241 870 4324 ἢ
893 4243 1028 4330 ἐρώτων.

175 4361 254 4442 (16.)
278 4358 624 4448 Λυσανίης-Κριτίας
636 4363 725 4448 ἐντῷ
740 4362 815 4450 περὶ
831 4362 959 4448 φύσεως
975 4365 1090 4452 ἔρωτος
1102 4364 1122 4447 ἢ
1134 4365 1281 4455 ἐρώτωνι

165 4483 172 4511 ¹
188 4479 292 4534 Codices
305 4482 403 4554 κριτῶν
415 4482 540 4536 exhibent
558 4483 625 4554 quod
643 4484 720 4554 plane
738 4485 766 4538 in
779 4484 871 4558 ἐράτων
885 4487 1038 4542 mutandum
1057 4493 1103 4542 est.
1143 4489 1182 4542 Of.
1196 4488 1280 4546 ΒααΙι.

120 4583 167 4638 op.
185 4567 227 4623 cic.
243 4571 301 4626 103.
