3018 5058
792 412 834 472 24

235 584 384 668 Denique
401 590 547 648 narratur
564 583 705 659 Critiam,
715 590 844 668 propter
855 585 1052 670 Euthydemi
1064 607 1213 658 amorem.
1224 609 1243 651 a
1256 589 1383 652 Socrate

236 688 350 753 merito
365 689 556 772 castigatum
578 689 729 772 magistro
745 689 912 752 inir'nicum
930 691 1051 754 lactum
1067 690 1156 755 esse.1
1195 692 1287 769 Quod
1310 713 1382 756 cum

235 791 498 856 antecedentibus
544 791 633 856 nullo
679 793 772 856 modo
817 795 967 877 conjungi
1012 803 1138 877 potest;
1192 803 1384 880 quapropter

235 896 402 960 Krohnius
419 917 483 959 non
499 897 568 959 sine
579 896 663 978 juris
684 898 788 980 specie
809 899 924 961 statuit
940 899 1023 961 hanc
1046 899 1160 964 saltem
1183 901 1380 964 narationem

234 1001 458 1084 interpolatam
483 1021 558 1064 esse.
605 1001 644 1063 Id
670 1003 811 1085 profecto
833 1003 1038 1085 perspicuum
1062 1010 1111 1068 est
1133 1004 1216 1067 nihil
1239 1005 1317 1068 certi
1343 1027 1382 1068 ex
1494 1017 1495 1030 ³

235 1104 363 1168 indiciis
385 1111 451 1168 tam
471 1105 629 1188 ambiguis
655 1105 803 1170 concludi
828 1127 938 1189 posse:
961 1107 1069 1190 potius
1094 1108 1303 1172 statuendum
1327 1117 1382 1184 est,

236 1209 369 1274 Critiam
383 1216 553 1293 postquam
566 1229 693 1274 auream
708 1209 797 1274 illam
807 1211 1021 1293 juventutem,
1035 1233 1053 1275 a
1069 1213 1203 1276 Platone
1215 1212 1383 1296 depictam,

235 1315 269 1377 in
294 1314 409 1377 intima
432 1313 571 1377 Socratis
587 1313 807 1378 familiaritate
830 1315 924 1398 degit,
941 1315 1032 1379 novis
1055 1316 1171 1381 studiis
1194 1322 1226 1380 ct
1250 1319 1382 1400 negotiis

235 1417 404 1502 paullatim
450 1417 621 1491 irretitum,
663 1417 806 1498 magistri
846 1438 1006 1482 sermones
1049 1419 1170 1482 minora
1216 1419 1382 1503 diligentia

235 1524 454 1606 frequentasse
469 1527 502 1584 et
516 1520 648 1584 tandem
664 1542 791 1604 prorsus
808 1523 992 1605 neglexisse.

279 1626 345 1713 §2
363 1627 460 1690 Nunc
481 1625 521 1688 ad
546 1627 765 1709 quaestionem
788 1628 889 1691 multo
914 1630 1042 1711 majoris
1068 1630 1223 1696 momenti
1246 1630 1383 1692 transire

234 1737 366 1815 oportet,
393 1751 457 1814 quo
482 1731 555 1812 jure
587 1730 723 1794 Cronius
753 1734 909 1809 statuerit,
941 1734 1074 1797 Critiam
1104 1735 1138 1796 in
1177 1733 1296 1816 Gorgia
1329 1754 1385 1817 per

237 1835 378 1900 Calliclis
402 1835 491 1898 illius
516 1855 684 1918 personam
709 1839 957 1920 repraesentari¹
1004 1839 1067 1902 Hic
1092 1839 1186 1914 enim,
1209 1840 1384 1902 arbitratus

236 1938 402 2002 Calliclem
430 1938 565 2021 majores
596 1939 754 2003 sustinere
785 1947 900 2023 partes,
924 1962 1021 2025 quam
1048 1963 1129 2025 quae
1159 1943 1226 2006 viro
1257 1962 1383 2026 prorsus

235 2043 343 2127 ignoto
366 2049 459 2126 aptae
482 2043 558 2118 sint,
583 2043 644 2106 sibi
667 2045 827 2126 persuasit
853 2066 970 2110 nomen
995 2045 1137 2110 Calliclis
1161 2049 1274 2110 fictum
1299 2067 1384 2125 esse;

234 2148 321 2211 idem
336 2147 520 2210 observavit
544 2147 830 2230 Chaeraphontem,
845 2156 883 2211 ut
904 2149 938 2211 in
957 2149 1131 2213 Charmide
1147 2151 1193 2214 ita
1209 2151 1243 2213 iu
1261 2151 1384 2233 Corpia,

236 2252 398 2315 Socratem
429 2251 583 2327 comitari,
606 2252 691 2314 unde
728 2253 864 2334 conjecit
896 2253 1028 2317 Critiam
1060 2275 1187 2338 quoque
1217 2255 1385 2337 utriusque

236 2354 353 2437 dialogi
380 2356 570 2439 participem
594 2377 662 2420 esse
686 2356 806 2420 debere.
862 2358 977 2440 Itaque
999 2379 1071 2421 cum
1097 2357 1246 2422 Callicles
1274 2358 1384 2421 eodem
1495 2379 1496 2436 }

236 2459 300 2524 fere
312 2460 406 2522 modo
418 2458 555 2523 sermoni
567 2480 601 2524 se
612 2459 799 2536 immisceat,
811 2481 874 2543 quo
887 2461 1003 2525 Critias
1016 2461 1050 2524 in
1064 2461 1245 2537 Charraida,
1255 2468 1383 2525 senten-

235 2565 361 2647 tiasque
381 2563 480 2627 simili
503 2564 613 2627 ardore
629 2569 661 2627 et
675 2564 878 2628 vehementia
894 2564 1053 2641 defendat,
1071 2566 1206 2630 Cronius
1230 2586 1267 2629 eo
1282 2586 1384 2648 usque

236 2669 390 2753 pervenit,
401 2674 437 2731 ut
447 2673 576 2752 putaret
589 2668 755 2732 Calliclem
766 2689 830 2732 non
841 2669 940 2732 alium
950 2690 1047 2752 quam
1059 2669 1192 2734 Critiam
1201 2689 1383 2752 repraesen-

237 2781 312 2837 tare.
346 2773 448 2848 Quam
466 2780 502 2836 ut
517 2772 661 2836 stabiliat
676 2773 868 2857 opinionem,
883 2773 1010 2838 indiciis
1027 2795 1091 2838 non
1107 2795 1125 2837 a
1141 2773 1275 2838 Platone
1291 2774 1385 2837 modo

238 2877 292 2941 sed
305 2877 402 2940 etiam
415 2897 434 2940 a
446 2876 660 2960 Xenophonte
672 2877 791 2961 petitis,
803 2877 948 2941 evincere
961 2877 1077 2954 studet,
1091 2877 1231 2942 Calliclis
1243 2877 1384 2941 indolem

238 3002 311 3046 cum
337 2980 455 3045 Critiae
480 3002 658 3064 congruere.
704 2983 861 3064 Denique,
878 3001 950 3045 eum
975 2981 1057 3046 ratio
1080 2982 1241 3046 reddenda
1261 2983 1313 3058 sit,
1328 3003 1386 3046 our

237 3087 330 3150 Plato
357 3085 513 3167 ejusmodi
539 3085 673 3148 artifieio
703 3105 780 3148 usus
806 3086 856 3162 sit,
878 3085 1057 3169 respondet,
1080 3105 1153 3149 eum
1180 3107 1245 3150 non
1270 3085 1385 3170 pietati

239 3192 452 3274 obsequutum
477 3211 553 3267 esse,
569 3211 665 3274 quam
690 3193 759 3274 ipse
783 3191 818 3253 in
842 3197 1012 3275 cognatum
1037 3190 1179 3266 coluerit,
1201 3190 1257 3254 sed
1282 3191 1385 3273 magis

238 3295 448 3360 verecundiae
471 3295 708 3359 cuidam-aiae
720 3297 841 3377 pauisse
863 3296 1222 3378 Schichlr'chlrca't—quae
1245 3293 1386 3377 philoso-

238 3400 337 3483 phum
351 3401 497 3476 vetuerit,
507 3389 693 3463 memoriam
705 3401 767 3463 viri
779 3421 881 3484 nuper
893 3401 1011 3464 mortui
1027 3421 1150 3476 vexare,
1160 3419 1385 3483 personaeque,

238 3504 280 3567 ad
294 3503 375 3566 vitia
390 3503 499 3567 civilia
514 3504 699 3588 castiganda
713 3505 873 3578 inductae,
889 3505 1031 3586 ejusdem
1047 3503 1186 3566 hominis
1202 3521 1318 3566 nomen
1334 3503 1385 3564 in·

237 3607 319 3684 dere,
336 3608 427 3690 cujus
450 3608 616 3691 ingenium
638 3628 711 3672 cum
733 3608 767 3670 in
786 3607 966 3684 Charmide,
981 3613 1051 3670 tum
1068 3607 1101 3670 in
1119 3606 1231 3671 ceteris
1248 3605 1385 3688 dialogis

237 3731 301 3774 non
317 3711 386 3776 siue
401 3710 496 3775 laude
512 3711 702 3795 depingitur.

281 3816 366 3893 Quid
389 3815 467 3879 haec
490 3817 681 3880 verecundia
704 3817 766 3881 sibi
789 3816 867 3880 velit
890 3817 1003 3880 nescio.
1060 3815 1161 3878 Nulla
1183 3815 1270 3878 enim
1295 3835 1385 3878 vere-

236 3921 352 3984 cundia
375 3919 536 4004 Polycrati
559 3928 591 3985 et
607 3921 814 4005 Xenophonti
838 3921 995 4004 persuasit
1017 3925 1054 3983 ut
1070 3920 1188 3984 Critiae
1212 3919 1385 3982 memoriae

236 4031 424 4108 parcerent;
457 4046 560 4106 neque
592 4033 724 4110 apparet
755 4047 812 4089 cur
837 4026 930 4089 Plato
959 4025 1032 4108 plus
1055 4023 1265 4089 verecundiae
1292 4025 1386 4086 attri-

237 4129 343 4192 buerit
370 4150 468 4212 quam
493 4131 615 4213 pietati.
661 4131 852 4213 Ceteroquin
879 4136 1047 4213 propterea
1066 4129 1101 4192 in
1125 4127 1236 4191 limine
1259 4128 1388 4204 haereo,

235 4233 321 4316 quod
336 4254 377 4297 ne
392 4254 494 4297 unum
507 4234 636 4318 quidem
649 4234 809 4318 dialogum
822 4235 985 4310 habemus,
998 4233 1053 4297 ubi
1068 4240 1193 4298 constat
1214 4231 1387 4296 Platonem

233 4337 275 4400 ad
298 4338 454 4420 ejusmodi
478 4339 638 4402 fictionem
662 4338 849 4422 confugisse.
895 4337 1047 4420 Exceptis
1070 4337 1155 4401 enim
1179 4337 1234 4412 eis,
1249 4336 1306 4420 qui
1332 4338 1389 4400 uti

270 4517 275 4545 ¹
290 4511 356 4565 Xeu,
370 4510 448 4568 Mem.
464 4511 485 4566 Ι.
499 4516 525 4583 2,
539 4511 571 4583 ἐξ
585 4515 680 4568 ae-sl.
719 4512 756 4566 Cf.
771 4513 871 4582 Krohn,
885 4511 1008 4566 Sabratae
1019 4511 1078 4565 urai
1088 4509 1242 4582 Xerwplaoa,
1253 4511 1299 4568 loc.
1313 4510 1361 4566 cit.

267 4602 277 4631 ²
289 4598 363 4653 Cron.
385 4598 511 4669 Beitrdpe
522 4615 569 4652 zur
581 4598 738 4671 ffikldrarap
751 4600 794 4654 des
800 4599 987 4671 platoartchea
1002 4599 1120 4670 Gorgias,
1133 4616 1176 4670 pp.
1191 4604 1266 4657 1-25.
