3018 5058
794 473 835 536 20

243 663 470 726 saepenumero
494 643 577 707 inter
600 644 737 708 Socratis
761 645 893 710 comites
910 646 1059 712 derebus
1082 647 1254 710 admodum
1277 668 1380 711 recon-

243 746 319 809 ditis
343 745 429 808 haud
452 745 580 811 indocte
603 745 811 812 disserentem
835 748 980 818 inducit.l
1035 750 1124 826 Quae
1147 771 1220 814 cum
1244 750 1289 813 ita
1312 750 1381 825 sint,

242 870 306 912 non
319 848 443 926 desunt,
456 849 512 933 qui
528 850 682 933 suspicati
698 851 873 928 Platonem,
886 852 1041 917 affinitate
1057 853 1241 930 adductum,
1253 857 1381 938 cognato

242 952 338 1015 nimis
355 952 481 1027 favisse,
497 953 745 1036 Xenophontem
769 962 924 1039 tanquam
947 963 1062 1021 testem
1086 957 1245 1021 sincerum
1268 964 1301 1020 et
1324 956 1380 1020 fida

243 1055 420 1139 digniorem
436 1057 526 1140 sequi
542 1056 687 1122 malunt.2

286 1177 439 1241 Attamen
467 1176 569 1240 multa
595 1198 647 1240 me
673 1179 844 1260 prohibent
874 1199 915 1242 ne
942 1178 1110 1242 Platonem
1141 1178 1237 1261 hujus
1263 1176 1382 1240 fraudis

240 1278 431 1343 insimulem.
479 1281 612 1344 Constat
634 1281 720 1344 enim
737 1282 805 1364 ejus
827 1280 976 1365 dialogos
991 1303 1186 1365 quamquam
1201 1282 1234 1343 in
1252 1280 1382 1364 singulis

240 1383 345 1445 multa
374 1405 460 1448 more
491 1391 657 1468 poetarum
685 1387 760 1448 ficta
787 1385 961 1461 continent,
988 1407 1147 1469 nusquam
1176 1385 1381 1449 fundamento

242 1487 379 1570 quodam
412 1488 557 1552 veritatis
591 1510 713 1553 carere:
751 1511 854 1573 neque
885 1488 1035 1554 credibile
1066 1489 1194 1552 videtur
1224 1509 1298 1552 eum
1329 1488 1382 1551 uni

241 1592 360 1656 Critiae
387 1599 493 1675 partes
521 1594 561 1656 ab
583 1594 712 1677 ingenio
739 1615 866 1676 prorsus
890 1593 1010 1658 alienas
1038 1593 1212 1657 mandasse.
1259 1591 1382 1656 Deinde

239 1697 312 1779 quis
328 1697 436 1760 credat
458 1697 636 1772 Platonem,
652 1698 708 1781 qui
725 1719 824 1781 aeque
840 1719 877 1762 ac
900 1698 1081 1781 Xenophon
1105 1696 1244 1761 Socratis
1261 1701 1381 1759 amator

241 1801 311 1876 fuit,
343 1801 487 1885 magistri
518 1802 701 1866 memoriam
732 1807 823 1865 tanta
854 1801 986 1866 levitate
1016 1801 1186 1886 projecisse
1216 1805 1262 1877 ut,
1293 1799 1382 1883 quasi

238 1905 350 1986 Anyto
373 1905 598 1988 Polycratique
622 1907 821 1989 suffragatus,
844 1906 1008 1970 hominem
1031 1905 1273 1988 nequissimum,
1297 1903 1383 1966 omni

239 2008 459 2092 philosophiae
487 2009 593 2072 studio
621 2009 813 2073 destitutum
839 2009 874 2072 in
901 2030 1070 2073 numerum
1102 2008 1240 2072 Socratis
1268 2007 1382 2069 famili-

237 2112 340 2174 arium
371 2113 533 2196 redegerit.
594 2113 680 2177 Nota
713 2112 770 2176 illa
800 2112 980 2196 descriptio,
1011 2133 1030 2175 a
1060 2111 1195 2175 Proculo
1226 2113 1380 2186 servata,³

238 2214 382 2279 Platonis
408 2216 629 2279 testimonium
656 2217 832 2292 confirmat,
855 2216 907 2280 oui
933 2216 1118 2280 Aristotelis
1145 2220 1178 2278 et
1204 2219 1379 2278 ceterorum

238 2318 300 2382 loci
324 2319 488 2396 accedunt,
512 2341 550 2384 ex
574 2320 692 2403 quibus
715 2325 848 2403 apparet
880 2319 1015 2385 Critiam
1038 2319 1073 2381 in
1096 2317 1186 2382 libris
1209 2317 1384 2382 scribendis

238 2421 499 2506 philosophorum
517 2423 680 2486 doctrinae
695 2445 758 2486 non
776 2420 1017 2487 (111111111111111.4

284 2544 476 2627 Ceteroquin
512 2543 737 2628 Xenophontis
771 2545 944 2607 auctoritas
977 2543 1022 2606 eis
1057 2563 1184 2625 quoque
1218 2540 1384 2615 minuitur,

238 2668 319 2730 quae
336 2649 453 2712 nostris
476 2649 673 2731 temporibus
690 2648 729 2711 de
751 2647 1002 2712 Memorabilium
1018 2645 1140 2729 origine
1156 2645 1383 2729 cognovimus.³

239 2752 368 2815 Etenim
384 2751 437 2817 hie
454 2752 534 2816 liber
550 2752 719 2816 calumniis
736 2758 925 2835 provocatus
941 2771 1022 2834 quas
1038 2749 1221 2832 Polycrates
1246 2748 1386 2813 Socratis

240 2856 409 2920 memoriae
425 2856 581 2932 adhibuit,
598 2857 732 2920 eandem
749 2857 813 2919 fere
837 2856 1005 2919 materiam
1028 2875 1064 2917 ao
1087 2853 1266 2937 Polycratis
1283 2852 1385 2916 oratio

240 2961 398 3023 tractavit.
445 2960 626 3044 Xenophon
642 2959 740 3043 igitur
756 2981 829 3023 cum
845 2960 937 3043 quasi
953 2960 1037 3022 intra
1054 2959 1133 3022 fines
1149 2958 1189 3020 ab
1205 2956 1388 3023 adversario

242 3065 450 3148 praescriptos
478 3070 665 3140 versaretur,
692 3063 775 3126 nihil
801 3064 840 3127 de
868 3063 968 3128 Critia
995 3082 1242 3136 commemorare
1273 3060 1387 3124 debuit

243 3168 305 3231 nisi
322 3189 359 3232 ea
374 3189 456 3251 quae
473 3169 595 3252 aliquid
612 3169 651 3231 ad
668 3167 843 3251 Polycratis
856 3168 989 3231 erimina
1005 3166 1174 3231 refutanda
1189 3166 1387 3248 praeberent.

242 3275 350 3356 Atque
381 3294 414 3337 re
445 3294 520 3337 vera
550 3274 718 3356 opprobria
752 3273 808 3335 illa
839 3273 956 3355 quibus
991 3271 1110 3336 Critiae
1141 3276 1174 3333 et
1207 3267 1389 3333 Alcibiadis

240 3377 391 3440 memoria
414 3377 448 3438 in
472 3377 724 3440 Memorade'h'bas
746 3376 896 3459 operitur,
920 3397 984 3439 non
1011 3376 1052 3438 ab
1074 3374 1143 3458 ipso
1170 3372 1390 3456 Xenophonte

241 3479 296 3542 sed
327 3480 427 3564 magis
454 3501 473 3543 a
503 3479 670 3562 Polycrate
697 3485 766 3542 orta
791 3499 860 3543 esse
886 3479 1058 3542 videntur.l
1102 3477 1189 3540 Nam
1214 3497 1232 3538 e
1259 3473 1390 3538 Libanii

239 3583 396 3670 Apologia
431 3583 509 3646 satis
546 3582 650 3646 elucet
685 3582 844 3646 rhetorem
876 3581 995 3645 Critiae
1026 3587 1058 3644 et
1088 3578 1266 3643 Alcibiadis
1296 3577 1391 3642 vitiis

240 3687 376 3750 virtutes
410 3708 519 3750 eorum
553 3685 747 3769 opposuisse,
778 3685 843 3768 qui,
874 3685 994 3749 nullius
1024 3683 1207 3767 philosophi
1240 3681 1393 3748 doctrina

240 3790 359 3866 inlecti,
376 3789 496 3873 optime
513 3789 551 3852 dc
566 3788 672 3872 patria
691 3787 799 3852 meriti
822 3793 936 3864 essent,
953 3786 1138 3870 Socratique
1154 3784 1391 3869 discipulorum

239 3892 365 3969 scelera,
389 3900 543 3978 tanquam
566 3900 708 3956 maturos
731 3894 894 3958 doctrinae
917 3894 1049 3970 fructus,
1065 3891 1223 3978 objecisse.
1270 3892 1392 3976 Itaque

272 4117 281 4148 ¹
296 4118 363 4172 Plat.
379 4117 483 4172 Chaone.
497 4116 607 4187 Protop.
625 4115 693 4173 Pina.

272 4205 586 4275 2(11.Μ’111111-81111111113,
599 4204 699 4258 Pateor.
715 4204 810 4276 Sappl.
824 4205 875 4260 Bel.
890 4205 936 4259 IV.
952 4208 1010 4261 103.

272 4299 281 4326 ³
295 4292 391 4355 ἰδιώτης
403 4296 450 4364 μὲν
463 4297 487 4349 ἐν
500 4296 652 4360 Φιλοσόφοις,
670 4297 804 4360 Φιλόσοφος
816 4292 835 4348 d'
851 4297 874 4348 ἐν
888 4293 1007 4358 ἰδιώταις.
1046 4293 1144 4350 Procul.
1160 4291 1195 4345 In
1212 4292 1236 4344 Τ
1234 4292 1280 4347 int.
1296 4296 1330 4346 22
1343 4291 1381 4346 D.

273 4381 441 4439 1111111111.
457 4383 503 4437 IV.
520 4387 595 4436 1-12.

271 4471 332 4527 ⁵01.
352 4471 440 4540 Cobet,
459 4470 549 4524 Nouae
568 4469 710 4540 Lectiones,
728 4474 778 4525 661
801 4487 855 4540 sqq.
893 4469 1074 4537 Breitsnbech,
1087 4467 1215 4538 Jahrbf.
1234 4468 1308 4522 Phil.
1326 4468 1395 4536 xci,

237 4561 286 4612 301
301 4578 306 4612 :
326 4575 391 4626 oxu,
407 4562 465 4626 115,
480 4562 539 4612 455.
577 4557 696 4613 Schenkl
710 4557 830 4628 [11111111ἡ
845 4557 967 4624 Studien,
982 4560 994 4610 1
1010 4574 1064 4626 sqq.

273 4643 333 4698 ⁶01.
349 4645 443 4700 Hirzel.
460 4644 542 4698 lilaea.
557 4644 625 4698 Mera.
639 4645 692 4698 xlii.
707 4649 759 4700 245
771 4662 827 4714 sqq.
