3018 5058
537 595 696 679 Dropides

620 697 625 786 i
826 775 831 789 .
900 771 914 792 ..

539 803 654 867 Critias
671 803 788 904 Flauus
814 809 848 890 2
864 877 895 916 ν)
908 807 914 883 J
931 875 945 896 ,.

539 1009 759 1074 Callaeschros

539 1223 655 1287 Critias
671 1224 838 1308 Tyrannus

278 1365 432 1428 Attamen
457 1362 654 1427 Odoiroedus
677 1363 855 1428 Muellerus
870 1365 1043 1429 rectissime
1068 1366 1193 1428 monuit
1209 1367 1378 1430 Platonem

235 1468 369 1532 Critiam
387 1467 508 1530 flavum
529 1488 602 1530 cum
623 1467 724 1531 Critia
742 1467 905 1544 alteroab
921 1469 1121 1532 Anacreonte
1138 1476 1251 1544 amato
1269 1471 1378 1534 confu-

234 1572 324 1636 disse.
370 1572 454 1635 Nam
481 1571 698 1654 persipicuum
726 1579 774 1636 est
801 1572 863 1636 duo
890 1573 1020 1636 nomina
1047 1595 1111 1636 non
1138 1573 1216 1638 satis
1244 1595 1311 1639 esse
1340 1574 1380 1638 ad

234 1677 374 1760 spatium
404 1677 488 1738 inter
517 1675 694 1758 Dropidam
725 1683 757 1739 et
788 1677 922 1740 Critiam
956 1677 1142 1761 Tyrannum
1174 1677 1377 1760 explendum.

236 1781 378 1844 Stemma
408 1780 506 1862 igitur
532 1800 550 1842 a
576 1779 709 1842 Platone
736 1779 932 1863 descriptum
963 1781 1218 1844 emendationem
1248 1781 1380 1864 flagitat,

235 1891 429 1968 quapropter
453 1883 608 1947 Lallierus
633 1891 665 1946 et
690 1883 919 1960 Schleicherus,
943 1872 1137 1948 Muellerum
1164 1886 1292 1968 sequuti
1317 1886 1380 1948 duo

235 1989 365 2050 nomina
380 2009 396 2052 e
412 1988 593 2070 conjectura
607 1987 842 2068 interjecerunt
858 1993 890 2052 et
905 1989 992 2050 hunc
1007 1989 1150 2052 ordinem
1166 1995 1357 2072 proponunt.

539 2143 698 2224 Dropides
715 2143 740 2205 Ι.

512 2425 517 2442 ¹
541 2351 657 2414 Critias
673 2350 792 2414 Flavus

542 2462 701 2650 Drdpides
719 2569 761 2632 II.

544 2777 659 2840 Critias
676 2777 716 2838 ab
732 2777 933 2840 Anacreonte
950 2783 1075 2841 amatus

543 2985 762 3048 Callaeschros

544 3195 660 3259 Critias
676 3196 843 3279 Tyrannus

285 3350 345 3414 Cui
370 3349 487 3412 rationi
512 3370 568 3431 pro
593 3369 663 3412 mea
688 3355 778 3431 parte
803 3349 964 3412 assentior.
1012 3350 1059 3414 Cf.
1081 3350 1115 3416 Ο.
1139 3350 1285 3414 Mueller.
1332 3351 1388 3414 Cr.

240 3456 300 3518 Lu.
318 3455 343 3516 Ι.
361 3453 431 3516 304.
476 3453 606 3535 daliter,
622 3473 651 3534 p.
670 3453 718 3516 12.
763 3452 941 3538 societater,
957 3474 986 3536 p.
1001 3455 1027 3516 6.

284 3592 341 3674 (5.)
365 3589 436 3654 οὐδὲ
450 3587 513 3676 γὰρ
530 3589 568 3655 ἀν
583 3616 655 3667 που,
671 3588 700 3655 ει’
714 3589 870 3677 ἐτύγχανε
884 3589 1032 3678 νεώτερος
1055 3587 1106 3669 ὤν,
1122 3590 1263 3680 αἰσχρὸν
1286 3590 1325 3656 ἀν
1347 3590 1389 3672 ἦν

241 3695 328 3780 αὐτῷ
340 3696 394 3778 (sc.
408 3693 572 3779 Χαρμίδῃ)
585 3692 796 3776 διαλέγεσθαι
808 3694 882 3775 ἡμῖν
894 3693 1034 3760 ε’ναντίον
1045 3721 1082 3777 γε
1094 3697 1155 3758 σοῦ
1169 3696 1223 3778 (sc.
1240 3693 1389 3782 Κριτίου)

241 3796 418 3885 ἐπιτρόπου
433 3823 468 3862 τε
483 3795 550 3878 ἅμα
565 3795 619 3861 καὶ
635 3797 773 3883 ἀνεψιοῦ
788 3797 1013 3867 toros—Plau
1033 3798 1154 3863 Olaurm.
1174 3801 1268 3863 155A.

265 4005 308 4067 ΙΙ.
325 4003 379 4064 Du
394 4002 505 4064 Rarus
524 4017 542 4064 Α
558 4002 675 4065 Curris
690 4019 726 4064 m
742 4003 929 4066 Rucuumcn
945 4005 1228 4066 Anurmsrnrum
1244 4003 1372 4068 Gnsrrs.

289 4158 344 4242 (l.)
367 4156 449 4241 Φίρε
465 4153 502 4237 δὴ
523 4153 577 4220 καὶ
599 4153 641 4220 τὰ
664 4154 806 4238 ὀνόματα
830 4156 903 4239 ὑμῖν
928 4155 1153 4239 ἀναγνώσομαι
1177 4159 1241 4222 τῶν
1264 4155 1391 4244 ἀνδρῶν

242 4260 286 4327 ὧν
301 4257 494 4345 ἀπέγραψεν
507 4260 560 4342 (sc.
575 4259 776 4344 Διοκλείδης)
791 4259 832 4326 ‘iv’
849 4259 951 4342 εἰδῆτε
966 4259 1061 4329 ὅσους
1075 4287 1130 4343 μοι
1145 4264 1209 4326 τῶν
1224 4268 1394 4344 συγιγενὼν

243 4363 407 4431 ἀπώλλυε·
462 4414 468 4429 .

243 4467 372 4536 τούτους
387 4467 513 4536 πάντας
528 4466 561 4532 ε’ν
576 4471 641 4538 τοῖς
656 4465 893 4556 τέτταράκοντα
904 4467 1060 4554 ἀνδράσιν
1071 4469 1392 4556 ἀπέγραψεν-Λιι-

244 4575 303 4638 ιίοι.
321 4573 367 4634 De
381 4571 472 4654 Mysi.
490 4569 510 4656 ξ
525 4571 575 4636 47.
