3018 5058
541 1039 899 1102 FRAGMENTA.

599 1196 635 1257 Α.
660 1194 839 1259 Πολιτείαι.

456 1343 514 1425 (α.)
537 1340 797 1424 Λακεδαιμονίων
820 1340 985 1406 Πολιτεία.

189 1474 244 1555 (l.)
273 1471 408 1559 Κριτίας
429 1474 557 1558 γράφει·

183 1576 352 1664 Ἀρχομαι
373 1574 407 1640 δέ
429 1600 478 1640 τοι
502 1574 566 1640 άπὸ
587 1579 714 1657 ’γενετῆς
737 1573 909 1663 ἀνθρώπου
924 1577 996 1651 πῶς
1011 1562 1237 1654 άνβέίῇστος
1252 1573 1289 1639 τὸ

146 1685 243 1765 σῶμα
272 1679 394 1763 ιγε’νοιτο
421 1678 475 1744 καὶ
507 1677 728 1766 ἰσχυρότατος,
755 1677 784 1743 εἰ
809 1676 826 1743 ὁ
853 1682 999 1764 φυτεύων
1022 1677 1212 1761 ’γυμνάζοιτο
1236 1679 1290 1743 καὶ

143 1786 248 1851 ἐσθίοι
271 1785 457 1872 ε’ῤῥωμένως
479 1781 533 1847 καὶ
556 1783 781 1870 ταλαιπωροίη
804 1783 840 1848 τὸ
864 1785 968 1868 σῶμα,
989 1783 1040 1848 καὶ
1065 1784 1085 1864 ἦ
1106 1782 1212 1866 μήτηρ
1236 1786 1292 1847 τοῦ

142 1889 274 1956 παιδίου
289 1893 346 1954 τοῦ
361 1887 537 1972 μέλλοντος
559 1887 694 1952 ἔσεσθαι
717 1885 827 1974 ἰσχύοι
850 1885 886 1952 τό
902 1890 997 1970 σῶμα
1019 1886 1073 1952 καὶ
1087 1889 1287 1970 γυμνάζοιτο.

606 1993 693 2055 Olem.
710 1993 797 2054 Αίικ.
816 1991 925 2056 Strom.
941 1993 998 2056 VI.
1016 2014 1044 2075 p.
1063 1993 1136 2068 264,
1153 1993 1239 2075 Sylb.

189 2134 246 2215 (2.)
270 2129 359 2219 Πρὸς
385 2129 439 2200 οὓς
465 2128 595 2195 λεκτέον
617 2129 667 2194 ὅτι
693 2130 808 2217 τρόποι
834 2127 898 2194 εἰσι
923 2128 1051 2194 πόσεων
1073 2129 1156 2194 κατὰ
1179 2128 1291 2198 πόλεις

142 2235 227 2321 ἴδιοι,
244 2236 287 2306 ὡς
311 2235 445 2323 Κριτίας
460 2234 664 2322 παρίστησιν
678 2233 712 2299 ἐν
727 2236 766 2317 τῇ
782 2234 1042 2316 Λακεδαιμονίων
1058 2235 1217 2320 Πολιτειᾳ
1239 2232 1291 2298 δια

142 2340 276 2406 τούτων·

188 2443 204 2509 ὁ
230 2443 289 2528 μὲν
315 2445 394 2514 Χῖος
417 2442 471 2508 καὶ
493 2435 618 2514 Θάσιος
645 2443 680 2507 ἐκ
701 2443 855 2528 μεγάλων
881 2442 1022 2508 κυλίκων
1048 2439 1199 2525 ἐπιδέξια,
1223 2439 1238 2505 ὁ
1262 2439 1288 2505 δ’

141 2547 293 2620 Ἀττικός
306 2550 341 2613 ἐκ
355 2551 478 2637 μικρῶν
489 2548 640 2632 ἐπιδέξια,
654 2545 670 2614 ὁ
688 2548 721 2613 δὲ
737 2547 936 2618 Θετταλικὸς
952 2547 1127 2630 ἐκπώματα
1141 2552 1290 2634 προπίνει

141 2655 208 2739 ὅτῳ
234 2653 274 2719 ἂν
296 2652 484 2734 βούλωνται
508 2653 647 2737 μεγάλα.
700 2651 944 2736 Λακεδαιμόνιοι
967 2651 1001 2716 δὲ
1023 2651 1081 2733 τὴν
1103 2653 1179 2738 παρ’
1202 2651 1291 2737 αύτῷ

140 2759 277 2829 ἕκαστος
301 2757 395 2831 πίνει,
412 2755 428 2821 ὁ
445 2757 479 2822 δὲ
493 2760 570 2828 παῖς
594 2755 733 2845 οἰνοχοεῖ
754 2757 832 2822 ὅσον
854 2757 894 2822 liv
918 2757 1211 2841 άπαπίῃ.--Αίίιιιι.
1230 2757 1288 2819 ΧΙ.

138 2866 206 2928 463
223 2864 257 2928 Ε.
274 2861 307 2927 F.
354 2864 401 2926 Of.
417 2865 496 2927 Ροιί.
515 2863 585 2944 [την.
604 2863 708 2926 (ἔναιε.
725 2863 768 2926 ΙΙ.
787 2864 856 2926 280.
903 2863 952 2925 Fr.
970 2862 997 2924 2.

189 3010 246 3093 (3.)
272 3008 407 3096 Κριτίας
422 3007 455 3074 ἐν
469 3007 729 3092 Λακεδαιμονίων
745 3010 904 3096 Πολιτειη
917 3009 1035 3095 ιχράςόει
1050 3007 1159 3078 οὕτως.

188 3113 298 3201 Χωρὶς
321 3113 355 3178 δὲ
377 3111 499 3179 τούτων
524 3113 566 3178 τὰ
591 3113 793 3202 σμικρότατα
815 3114 846 3185 ἐς
872 3111 930 3195 τὴν
952 3112 1077 3179 δίαιταν
1099 3112 1290 3196 ὑποδήματα

139 3218 275 3307 ἄριστα·
330 3216 505 3283 Λακωνικὰ
535 3216 647 3300 ἱμάτια
676 3222 785 3305 φορεῖν
816 3217 932 3299 ἥδιστα
961 3216 1015 3282 καὶ
1044 3215 1288 3304 χρησιμώτατα·

139 3323 258 3390 κώθων
287 3321 475 3393 Λακωνικός
505 3321 641 3405 ἔκπωμα
671 3321 931 3403 ἐπιτηδειότατον
960 3321 1003 3392 είς
1034 3321 1206 3409 στρατείαν
1236 3323 1289 3386 καὶ

140 3425 368 3515 εὐφορώτατον
384 3426 416 3492 ἐν
426 3426 539 3512 ηυλίῳ·
556 3427 592 3493 ού
603 3427 637 3493 δὲ
648 3425 740 3494 ἕνεκα
754 3429 978 3515 στρατιωτικῷ
991 3427 1151 3497 πολλάκις
1167 3426 1289 3510 ἀνάγκη

141 3530 230 3619 ὕδωρ
253 3532 356 3598 πίνειν
370 3531 407 3597 ού
430 3530 579 3620 καθαρὸν·
605 3536 735 3619 πρῶτον
748 3532 807 3614 μὲν
821 3533 877 3599 οὖν
891 3531 928 3598 τὸ
949 3530 997 3616 μὴ
1016 3531 1092 3597 λίαν
1106 3528 1290 3612 κατάδηλον

140 3635 225 3702 εἶναι
250 3635 286 3702 τὸ
312 3635 413 3720 πόμα,
430 3633 501 3701 εἶτα
525 3636 681 3718 ἄμβωνας
708 3634 724 3702 ό
751 3637 864 3703 κώθων
888 3635 974 3726 ἔχων
998 3634 1168 3702 ὑπολείπει
1191 3637 1227 3703 τὸ
1251 3637 1289 3701 ού

140 3737 286 3828 καθαρόν
301 3739 334 3806 ἐν
349 3739 603 3827 αύτῷ-Λίλαια
621 3741 678 3804 XI.
696 3741 759 3803 483
777 3743 810 3805 B.

187 3880 244 3961 (4.)
268 3877 317 3943 Τὰ
339 3877 500 3967 πρόχειρα
521 3883 585 3944 τῶν
600 3881 723 3945 σκευῶν
737 3878 791 3944 καὶ
814 3880 972 3962 ύναηκαῖα
993 3883 1105 3964 ταῦτα,
1122 3884 1288 3967 κλιντῆρες

139 3981 198 4048 καὶ
209 3981 317 4070 δίφροι
328 3981 383 4048 καὶ
394 3985 556 4069 τράπεζαι,
565 3983 729 4064 βέλτιστα
740 3985 817 4072 παρ’
828 3983 935 4052 αὐτοῖς
945 3984 999 4066 (sc.
1012 3981 1287 4066 Λακεδαιμονίοις)

138 4087 389 4174 ἐδημιουργεῖτο,
412 4086 467 4153 καὶ
489 4087 602 4153 κώθων
617 4086 633 4152 ὁ
650 4087 835 4158 Λακωνικὸς
858 4087 1014 4167 εὐδοκίμει
1035 4087 1184 4170 μάλιστα
1206 4087 1286 4174 πρὸς

134 4189 197 4261 τὰς
220 4189 392 4279 στρατέιας
416 4189 458 4262 ὥς
482 4196 565 4278 φησι
595 4191 740 4280 Κριτίας·
773 4193 815 4258 τὰ
839 4191 903 4280 ’γὰρ
928 4192 1107 4275 ἆνονγκαίως
1131 4191 1286 4274 πινόμενα

138 4300 207 4363 τῶν
229 4296 354 4362 ὑδάτων
376 4294 430 4361 καὶ
457 4296 670 4362 δυσωποῦντα
696 4296 754 4378 τὴν
776 4297 857 4383 ὄψιν
879 4295 1101 4385 ἀπεκρύπτετο
1128 4298 1167 4382 τῇ
1191 4297 1285 4385 χρόᾳ,

140 4399 279 4467 καὶτοῦ
302 4400 437 4488 θολεροῦ
458 4399 723 4488 προσκόπτοντος
749 4400 836 4471 ε’ντος
858 4407 909 4466 καὶ
933 4398 1197 4488 προσισχομένου
1223 4405 1288 4470 τοῖς

140 4503 291 4589 άμβωσι,
324 4503 549 4591 καθαρώτερον
578 4503 754 4585 ἐπλησίαζε
783 4506 829 4590 τῷ
864 4507 1006 4587 στόματι
1038 4503 1074 4570 τὸ
1109 4504 1287 4588 πινόμενον.

969 4611 1052 4674 Ρίιιί.
1069 4612 1197 4694 Lycum.
1214 4613 1241 4676 9.

1138 4714 1157 4760 G
