3018 5058
785 469 825 532 28

230 643 408 722 sententiis,
419 650 491 708 tum
506 644 540 706 in
557 662 710 719 sermone,
723 642 926 726 Empedoclis
938 641 1081 724 vestigiis
1098 641 1275 724 ingressum
1289 637 1376 703 esse.l
1494 613 1499 674 ¹

235 748 324 824 Quae
347 768 421 811 curn
445 747 491 810 ita
514 747 580 811 sint
602 746 695 810 valde
719 752 768 809 est
790 745 972 821 verisimile,
995 766 1032 808 ea
1055 765 1136 829 quae
1169 744 1284 809 Critias
1308 763 1379 806 curn

235 850 427 934 Empedocle
443 851 626 914 communia
649 850 755 925 habet,
771 850 811 913 ad
835 850 971 934 Gorgiae
991 848 1195 932 disciplinam
1218 846 1380 912 referenda

229 975 310 1019 esse.

277 1059 441 1142 Imprimis
478 1065 554 1123 nota
590 1059 648 1122 illa
686 1059 845 1123 sententia
875 1059 914 1123 de
949 1057 1074 1121 animae
1104 1058 1178 1122 sede
1216 1055 1380 1120 tractanda

232 1167 300 1226 est.l
344 1163 534 1226 Aristoteles
550 1162 765 1245 philosophos,
776 1163 833 1244 qui
849 1170 923 1226 ante
938 1162 1040 1245 ipsius
1056 1167 1193 1225 aetatem
1208 1162 1243 1223 in
1255 1160 1380 1223 animae

233 1272 381 1330 naturam
403 1267 650 1350 inquisiverunt,
666 1267 701 1328 iu
724 1273 826 1330 sectas
843 1267 922 1330 duas
938 1266 1064 1342 dividit,
1081 1286 1216 1348 quarum
1231 1264 1331 1328 altera
1345 1262 1379 1325 in

235 1374 332 1443 motu,
348 1369 456 1446 altera,
472 1370 552 1433 dirce
576 1369 776 1453 Empedocle,
799 1369 833 1432 in
861 1369 1041 1452 cognitione
1067 1369 1231 1452 proprium
1257 1367 1381 1431 animae

233 1472 372 1535 officium
404 1479 586 1556 posuerunt.
641 1472 766 1536 Ibidem
803 1472 939 1535 traditur
969 1471 1103 1536 Critiam
1134 1470 1209 1535 huic
1239 1469 1383 1553 opinioni
1498 1505 1499 1522 r

233 1577 450 1660 suffragatum,
467 1577 616 1640 statuisse
639 1577 777 1640 animam
802 1577 836 1639 in
860 1577 1014 1660 sanguine
1035 1576 1130 1638 sitam
1148 1595 1223 1639 esse.
1268 1573 1381 1656 Neque

234 1680 356 1763 primus
380 1681 462 1743 hanc
482 1679 674 1744 seutentiam
697 1680 858 1762 professus
879 1685 944 1744 est:
967 1681 1078 1763 Hippo
1100 1679 1185 1742 enim
1198 1679 1266 1762 jam
1289 1682 1382 1740 antea
1498 1665 1499 1748 l

233 1791 342 1848 contra
358 1805 411 1848 eos
426 1784 614 1867 disputavit,
629 1783 746 1866 quibus
769 1783 892 1867 placuit
906 1784 1030 1847 animae
1046 1782 1154 1846 sedem
1177 1780 1381 1864 insanguine

232 1908 308 1952 esse.
354 1887 489 1950 Necnon
512 1887 582 1950 fieri
611 1892 716 1970 potest
743 1894 780 1950 ut
804 1887 968 1971 Hipponis
994 1886 1194 1950 adversarius
1216 1885 1285 1967 ipse
1307 1884 1382 1946 Em·
1498 1885 1499 1898 ¹

229 1991 374 2074 pedocles
391 1991 496 2067 luerit,
509 1991 573 2075 qui,
583 1996 664 2055 teste
676 1989 905 2074 Theophrasto
917 1992 1042 2055 animae
1055 1990 1162 2054 sedem
1176 1991 1210 2051 in
1224 1988 1380 2071 sanguine
1498 2053 1499 2056 ,

231 2095 344 2177 posuit.
402 2096 517 2178 ltaque
548 2117 565 2158 e
599 2095 862 2178 locupletissimis
893 2095 1077 2159 Aristotelis
1108 2100 1140 2158 et
1171 2092 1383 2176 Theophrasti
1498 2093 1499 2096 ’

232 2198 586 2282 testimoniis-quihus
596 2199 658 2262 alia
668 2199 1105 2282 qnoqueaccedunt-elucet
1115 2207 1147 2262 et
1157 2196 1382 2281 Empedoclem

232 2311 264 2366 et
281 2303 412 2366 Critiam
430 2303 512 2366 hanc
528 2303 721 2367 sententiam
737 2305 894 2387 professos
910 2325 985 2368 esse.

276 2407 468 2489 Ceteroquiu
500 2406 538 2469 de
568 2407 674 2470 verbis
705 2407 879 2490 ambigitur
909 2409 1026 2491 quibus
1058 2415 1191 2490 uterque
1221 2426 1299 2470 usus
1331 2405 1384 2468 sit.

233 2510 352 2574 Versus
368 2511 454 2574 enim
469 2509 550 2592 οἶμα
564 2507 627 2596 ’γὰρ
650 2509 830 2597 ἀνθρώποις
852 2510 1058 2599 περικάρδιόν
1078 2517 1149 2576 ἐστι
1165 2509 1275 2593 νόημα,
1291 2509 1385 2571 modo

232 2613 351 2678 Critiae
373 2614 467 2678 modo
491 2614 679 2697 Empedocli
702 2615 863 2678 tribuitur.
899 2616 1054 2680 Stobaeus
1076 2617 1153 2679 haec
1169 2637 1188 2678 a
1203 2613 1384 2696 Porphyrio

230 2718 427 2801 depromptan
440 2719 576 2801 profert:
608 2717 830 2801 Ἐμπεδοκλῆς
853 2745 889 2784 τε
911 2719 995 2786 οὕτω
1022 2717 1169 2805 φαίνεται
1189 2716 1231 2788 ὥς
1248 2715 1387 2804 ὀργάνου

230 2820 311 2909 πρὸς
333 2820 464 2887 σύνεσιν
487 2825 543 2886 τοῦ
569 2823 702 2904 αἵματος
728 2823 819 2893 ὄντος
843 2821 959 2906 λέγειν·
987 2822 1121 2907 αἵματος
1143 2824 1177 2889 ὲν
1197 2820 1387 2904 πελάνγεσσι

229 2923 432 3014 τεθραμμένη
463 2923 693 3013 ἀντιθύροντος,
724 2928 763 3011 τῇ
793 2953 829 2992 τε
860 2926 962 3007 νόημα
990 2931 1138 3011 μάλιστα
1173 2926 1387 2992 κυκλίσκεται
1496 2945 1497 2948 ’

228 3029 457 3117 ἀνθρώποισιν·
491 3027 572 3110 οἶμα
608 3032 671 3117 ’γὰρ
704 3029 884 3118 ἀνθρώποις
922 3031 1129 3120 περικάρδιόν
1167 3038 1239 3096 ἐστι
1269 3029 1384 3113 νόημα.

231 3134 338 3198 Simili
378 3135 471 3198 modo
511 3133 696 3198 Chalcidius
731 3143 747 3168 “
757 3136 949 3218 Empedocles
958 3137 973 3162 ''
1013 3136 1122 3220 inquit
1151 3143 1168 3168 ‘¹
1173 3136 1386 3219 principalem

231 3239 355 3303 animae
376 3240 439 3301 cim
460 3240 618 3301 constituit
640 3240 677 3301 c'a
697 3241 791 3315 corde,
805 3242 849 3302 sc'c
864 3242 985 3304 diceas:
1007 3241 1166 3324 sarnqntne
1186 3241 1286 3303 cordis
1301 3242 1387 3303 caim

229 3355 329 3407 noster
343 3345 422 3426 otpet
446 3341 621 3406 intellectus.
670 3343 887 3408 Tertullianus
903 3330 1063 3428 quoque*
1080 3343 1196 3428 Orphei
1210 3345 1256 3408 ccl
1271 3345 1388 3426 Empe-

230 3449 325 3512 doctis
335 3447 350 3472 ’'
372 3467 499 3511 versum
522 3446 633 3510 laudet
651 3455 808 3530 ίὀοοιοοο
829 3449 950 3512 homini
971 3451 1100 3532 scapula
1122 3449 1390 3512 circumcordialis

230 3559 272 3614 cst
285 3550 431 3633 sonats;''
454 3549 540 3613 nude
556 3550 702 3632 sequitur
717 3572 790 3614 eum
813 3551 891 3616 haec
912 3553 1009 3615 verba
1032 3552 1149 3617 Critiae
1175 3550 1388 3634 abjudicesse.

232 3654 321 3718 Idem
339 3663 446 3720 tamen
463 3654 541 3718 alibi
564 3660 701 3718 testatur
721 3656 804 3720 hanc
825 3649 1017 3721 sententiam
1039 3664 1071 3719 et
1086 3657 1126 3720 ab
1142 3655 1335 3740 Empedocle
1350 3663 1390 3720 et

231 3780 250 3822 a
274 3759 374 3823 Critia
396 3779 579 3843 expressam
602 3779 679 3835 esse,
695 3759 780 3822 unde
803 3760 907 3824 elucet
923 3760 986 3824 alie
1009 3761 1128 3824 Critiae
1151 3761 1254 3837 verba,
1271 3760 1388 3824 eodem

229 3862 405 3938 tendentia,
420 3862 622 3927 Tertulliano
643 3871 719 3926 nota
742 3864 848 3940 luisse,
865 3864 929 3928 nisi
952 3865 1034 3930 forte
1054 3862 1167 3948 quinto
1191 3865 1295 3947 capite
1319 3865 1390 3929 alio

231 3967 320 4029 fonte
344 3986 420 4029 usus
444 3967 494 4043 sit,
508 3987 546 4031 ac
569 3966 684 4049 quinto
707 3966 838 4030 decimo.
886 3967 979 4044 Quod
1002 3967 1043 4031 ed
1066 3968 1232 4050 Orpheum
1255 3967 1392 4041 attinet,

230 4069 438 4134 statuendum
454 4076 510 4146 est,
526 4077 582 4134 aut
598 4069 905 4154 Pseudo-Orpheum
921 4072 1124 4156 Empedoclis
1139 4072 1280 4135 carmina
1296 4092 1389 4136 com·

229 4172 355 4258 phasse,
371 4181 428 4237 aut
449 4173 556 4256 ipsum
571 4174 806 4238 Tertullianum
823 4176 919 4239 verba
935 4197 973 4240 ex
991 4176 1143 4240 memoria
1158 4197 1272 4259 perum
1288 4197 1389 4240 accu-

229 4284 299 4342 rate
315 4277 485 4362 adlegasse,
537 4347 540 4354 ,

425 4541 434 4574 ¹
448 4525 526 4585 Diels.
541 4527 664 4584 Berichte
675 4527 723 4582 der
735 4525 859 4583 Berliaer
871 4528 1023 4600 Akademie,
1038 4534 1114 4600 1884,
1127 4535 1187 4586 343.

424 4617 484 4671 'Ct
502 4617 567 4675 Test.
582 4618 647 4673 Ant.
661 4617 708 4672 IV.
723 4619 798 4672 1-12.
