3018 5058
685 445 726 510 29

176 620 369 704 Ceteroquin
386 622 408 684 J
410 621 552 684 ohannes
576 620 782 704 Philoponus,
798 620 833 682 in
856 620 911 695 cis,
927 641 1008 702 quae
1032 619 1072 682 ad
1094 614 1279 683 Aristotelis

130 721 236 786 locum
260 745 357 806 supra
372 725 514 788 adlatum
541 725 682 799 adnotat,
699 745 824 788 versum
841 723 960 788 Critiae
981 723 1147 786 attribuit:
1170 723 1280 785 Philo-

130 827 270 909 ponique
286 827 471 891 testimonio
486 829 582 891 nixus
601 827 740 891 Baohius
756 828 893 910 conjecit
908 827 994 890 hunc
1010 827 1232 891 hexametrum
1249 833 1282 890 et

132 929 219 1013 apud
249 931 475 1014 Empedoclem
507 938 540 995 et
567 931 654 1014 apud
686 931 819 1002 Critiarn
850 931 1020 1007 exstitisse,
1048 937 1136 995 ratus
1164 932 1282 994 “illurn

130 1055 249 1097 versum
263 1036 298 1098 ire
311 1057 359 1098 ore
371 1037 532 1099 bominum
547 1036 730 1099 Graecorum
742 1043 831 1118 alque
842 1037 879 1098 ire
894 1035 1102 1098 commonibus
1112 1036 1283 1117 proverbiis

131 1160 188 1202 esse
211 1148 372 1217 versulam,
388 1143 461 1205 iride
486 1143 524 1204 ob
547 1142 773 1224 onlmoissimis
796 1142 985 1228 temporibus,
1007 1143 1054 1204 ito
1076 1149 1112 1204 ol
1128 1163 1189 1223 pro
1212 1163 1282 1205 coo-

130 1248 292 1310 suetudine
316 1249 531 1330 plurimorum
561 1269 714 1321 uersarem,
740 1249 795 1330 poi
828 1248 965 1332 pnomioi
994 1253 1051 1309 ool
1075 1247 1282 1328 proverbiales

130 1349 288 1427 dicontur,
304 1374 324 1414 o
340 1352 470 1434 quolibet
488 1359 588 1436 poeto,
605 1354 658 1416 orii
668 1353 793 1434 ploeoil
815 1351 905 1414 illios
919 1352 1079 1426 sententio,
1090 1353 1127 1414 iri
1142 1352 1281 1414 ordinem

132 1453 375 1539 recepipossel.’'¹
408 1455 473 1518 Hie
482 1463 589 1518 tamen
601 1455 710 1518 nonde
720 1455 894 1538 proverbiis
905 1454 959 1518 sed
970 1454 1009 1517 de
1019 1453 1281 1537 philosophorum

132 1557 260 1641 placitis
284 1559 424 1642 agimus3
455 1580 558 1642 neque
585 1558 736 1623 credibile
763 1567 811 1622 est
835 1559 970 1622 Critiam
996 1580 1062 1622 non
1088 1559 1280 1622 sententiam

132 1669 261 1724 tantum
301 1663 357 1726 sed
400 1663 499 1726 etiam
537 1663 607 1745 ipsa
643 1662 846 1747 Empedoclis
887 1663 983 1727 verba
1020 1663 1067 1726 ita
1106 1663 1280 1746 repetiisse.

134 1765 250 1848 ltaque
267 1786 317 1829 res
333 1765 396 1830 alia
412 1767 534 1830 ratione
551 1766 749 1849 expedienda
764 1772 819 1830 est.
859 1767 898 1829 Id
914 1765 1056 1849 profecto
1068 1765 1280 1829 certissimum

134 1876 184 1932 est
209 1869 437 1953 Empedoclem
464 1891 574 1934 versus
601 1876 761 1936 auctorem
789 1870 894 1933 fuisse.
941 1871 1074 1934 Constat
1096 1869 1182 1933 enim
1209 1891 1283 1933 eum

132 1972 254 2055 placita
286 1994 343 2037 sua
383 1973 577 2038 hexametris
616 1994 741 2057 semper
776 1975 984 2057 expressissc3
1022 1974 1140 2039 Critiae
1173 1983 1282 2039 contra

132 2077 313 2141 hexametri
338 2091 406 2141 non
429 2078 469 2141 ad
497 2077 732 2163 philosophiam
760 2079 953 2160 pertinuisse
980 2077 1138 2142 videntur.
1193 2079 1282 2143 illud

134 2203 264 2266 quoque
288 2183 399 2246 eodem
422 2183 518 2259 ducit,
534 2183 620 2266 quod
643 2183 839 2266 Porphyrius
862 2184 948 2246 hunc
971 2204 1100 2248 versum
1122 2205 1186 2247 nna
1209 2206 1282 2247 cum

132 2282 259 2345 duobus
288 2282 361 2345 aliis
391 2282 503 2358 adfert,
529 2303 608 2365 quos
635 2303 728 2346 nemo
754 2283 942 2366 Empedocli
971 2283 1153 2366 abjudicare
1179 2284 1283 2348 audet.

133 2387 231 2450 Patet
246 2386 345 2469 igitur
360 2385 576 2469 Philoponum
591 2386 627 2449 in
642 2387 750 2451 haere
766 2407 876 2451 erasse.

180 2490 292 2553 Restat
307 2496 416 2554 tamen
429 2489 572 2573 quaestio
584 2511 647 2574 quo
663 2490 756 2554 modo
767 2490 802 2553 in
815 2511 951 2555 errorem
967 2492 1121 2555 inciderit.
1167 2493 1190 2555 J
1191 2492 1283 2557 udice

133 2593 385 2658 Wilamowitzio
415 2595 522 2657 omnia
553 2595 593 2658 ab
624 2595 809 2658 Alexandro
840 2596 1084 2679 Aphrodisiensi
1115 2602 1284 2660 manant:²

132 2697 223 2782 quod
249 2705 357 2762 tamen
380 2719 494 2781 parurn
518 2703 640 2762 certum
668 2707 723 2762 est.
769 2700 855 2763 Nam
878 2700 948 2764 fieri
971 2706 1084 2784 potest,
1109 2707 1146 2764 ut
1172 2701 1281 2764 Philo·

132 2822 241 2886 ponus
256 2803 335 2866 haec
350 2808 478 2866 tantum
501 2802 576 2866 inde
592 2803 830 2886 deprompserit,
847 2825 928 2887 quae
944 2805 985 2868 ad
1010 2805 1144 2868 Critiam
1160 2805 1282 2888 sophis·

132 2917 205 2969 tam
229 2907 397 2988 pertinent.
444 2907 532 2970 illud
555 2913 662 2971 tamen
684 2908 813 2989 majoris
828 2916 877 2972 est
900 2908 1062 2984 momenti,
1078 2909 1163 2991 quod
1185 2909 1220 2971 in
1236 2930 1284 2973 se-

132 3011 312 3094 quentibus
329 3031 487 3075 summam
505 3011 623 3075 Critiae
640 3011 866 3095 disputationis
882 3013 1045 3089 habemus,
1057 3019 1113 3076 aut
1128 3034 1167 3076 ex
1183 3014 1285 3096 ipsius

135 3114 261 3178 Critiae
276 3114 414 3197 scriptis,
427 3123 483 3177 aut
496 3114 669 3178 vetustiore
681 3115 865 3180 Aristotelis
877 3122 1125 3180 commentatore
1142 3118 1283 3198 petitam.

131 3219 291 3281 Attamen
310 3218 426 3281 Critias
444 3219 476 3279 in
492 3217 553 3280 hae
569 3220 843 3295 commentatione,
859 3219 916 3282 ubi
938 3217 1141 3302 Empedoclis
1157 3227 1284 3282 senten-

130 3321 217 3384 tiam
245 3319 381 3404 repetiit,
409 3322 477 3402 ejus
505 3321 600 3384 verba
627 3321 772 3406 adlegare
799 3323 917 3386 debuit.
973 3324 1095 3406 Itaque,
1122 3323 1157 3385 ni
1184 3323 1285 3402 fallor,

131 3431 370 3490 commentator
398 3426 504 3488 nescio
528 3426 608 3508 quis,
632 3446 759 3489 versum
782 3427 867 3510 apud
895 3427 1028 3490 Critiam
1057 3435 1226 3510 repertum,
1253 3436 1286 3491 et

130 3551 204 3592 una
220 3550 292 3592 cum
309 3529 411 3613 ipsius
436 3529 555 3593 Critiae
571 3531 767 3613 argumentis
783 3531 818 3594 in
834 3531 951 3594 librum
967 3553 1060 3596 suurn
1084 3531 1286 3607 translatum,

132 3632 307 3698 oculorum
330 3633 422 3717 lapsu
448 3633 566 3698 Critiae
582 3634 662 3697 falso
678 3635 833 3698 attribuit.
881 3637 973 3712 Quod
996 3657 1092 3719 quarn
1110 3636 1203 3700 facile
1218 3637 1287 3700 lieri

131 3739 289 3824 potuerit,
317 3759 355 3801 ex
386 3758 491 3801 errore
521 3737 686 3801 simillimo
717 3746 858 3822 apparet,
884 3761 981 3822 quem
1012 3740 1170 3803 Bacchius
1200 3741 1286 3823 apud

131 3842 305 3907 Pollucem
323 3841 452 3905 detexit.
499 3842 757 3926 Lexicographus
781 3843 866 3907 enim
891 3843 988 3906 tradit
1010 3843 1236 3927 Empedoclem
1253 3852 1286 3906 et

134 3947 346 4011 Aristotelem
375 3947 500 4010 animae
528 3947 636 4010 sedem
663 3948 696 4009 in
724 3948 879 4032 sanguine
910 3947 1069 4031 posuisse;
1103 3948 1187 4010 unde
1214 3969 1284 4030 per·

133 4051 286 4134 spiouunr
310 4057 457 4125 osteum
481 4051 600 4115 Critiae
623 4053 825 4127 sententiam,
841 4051 927 4134 apud
949 4051 1157 4115 Aristotelem
1179 4072 1283 4135 reper-

132 4163 213 4231 tam,
229 4155 293 4237 ipsi
316 4155 486 4238 stagiritae
510 4155 713 4238 ascripsisse.³
758 4156 846 4233 Quae
862 4176 936 4220 oum
950 4155 997 4219 ita
1012 4156 1078 4220 sint
1100 4155 1285 4220 hexameter

174 4367 180 4395 ¹
194 4363 272 4418 Bach.
286 4380 325 4433 op.
340 4362 383 4419 cit.
399 4369 440 4419 54.
541 4369 551 4396 ²
564 4365 601 4420 Cf.
616 4365 792 4433 Wilamowitz‚
807 4365 958 4419 Aristoteles
970 4363 1029 4418 aad
1040 4362 1134 4421 Attea.
1151 4364 1173 4422 1.
1189 4366 1247 4421 175.

172 4453 242 4507 ’sal
265 4455 278 4505 d
298 4453 345 4520 μὲν
365 4455 417 4508 roba
439 4451 485 4505 eal
510 4455 633 4520 λογισμὸς
654 4455 700 4506 arei
722 4455 878 4523 ἡγεμονικὸν,
903 4455 951 4508 εἴτε
974 4452 1027 4525 περὶ
1051 4452 1186 4520 ἐγκεφάλῳ
1209 4455 1285 4509 κατὰ

134 4543 299 4615 Πυθαγόραν
312 4541 357 4594 nal
374 4540 512 4596 Πλάτωνα
525 4539 650 4611 ἱδρὺμενος
686 4583 692 4596 .
725 4583 730 4596 .
763 4585 769 4597 .
804 4546 853 4599 εἴτε
867 4541 1049 4616 aspirialpeoe
1063 4538 1285 4611 ὧςἘμπεδωιλῆς

131 4651 164 4688 τε
178 4633 224 4684 καὶ
239 4628 426 4704 Ἀριστοτέλης,
441 4629 609 4686 Poll.0non1.
625 4630 662 4683 ΙΙ.
677 4633 736 4685 226.
775 4629 816 4688 Cl.
832 4631 910 4685 Baoh.
925 4648 965 4702 op.
980 4631 1023 4688 eit.
1038 4635 1079 4686 52.
