3018 5058
231 1248 748 1348 TESTIMONIA
792 1252 1189 1368 ANTIQUA.

501 1925 525 1988 Ι.
550 1925 602 1987 Dn
626 1926 761 1989 Onninn
784 1927 907 1990 Gnnnn.

173 2119 231 2199 (1.)
254 2117 324 2182 ἐπεὶ
340 2116 364 2181 δ’
382 2116 502 2203 ἄριστα
516 2117 575 2200 μὲν
589 2117 627 2199 ἦν
642 2118 901 2204 πεπαιδευμένος,
917 2117 1045 2202 γνώμας
1061 2119 1095 2184 δὲ
1117 2120 1277 2188 πλείστας

126 2219 315 2305 ἑρμηνεύων,
328 2220 359 2290 ἐς
371 2221 547 2308 Δρωπίδην
562 2221 587 2286 δ’
604 2221 784 2310 ἀναφέρων,
797 2221 831 2293 ὃς
845 2221 928 2306 μετὰ
945 2223 1080 2290 Σόλωνα
1092 2223 1276 2304 Ἀθηναίων

128 2321 404 2411 ingen-Philon.
430 2327 490 2390 Vn.
508 2326 638 2410 Sophist.
657 2329 681 2390 Ι.
701 2329 749 2392 16.

176 2493 229 2576 (2.)
253 2493 274 2575 ἤ
289 2520 324 2558 τε
338 2492 401 2580 ηάρ
417 2491 553 2581 πατρῴα
569 2494 642 2576 ὑμῖν
658 2493 752 2580 οἰκία,
767 2496 788 2576 ἡ
805 2495 940 2581 Κριτίου
956 2500 1013 2561 τοῦ
1024 2495 1206 2583 Δρωπίδου,
1223 2495 1277 2560 καὶ

129 2595 179 2660 ὑπ’
195 2595 420 2684 Ἀνακρέοντος
442 2597 496 2662 καὶ
519 2597 582 2663 ὑπὸ
606 2596 753 2667 Σόλωνος
775 2597 830 2663 καὶ
852 2598 965 2664 ἀλλων
985 2604 1120 2665 πολλῶν
1135 2604 1278 2681 ποιητῶν

129 2698 411 2783 εἠκεκωμιασμένη
427 2701 642 2788 παραδέδοται
664 2702 747 2784 ἡμῖν,
764 2703 805 2771 ὡς
824 2701 1019 2789 διαφέρουσα
1041 2703 1157 2768 κάλλει
1172 2731 1207 2769 τε
1223 2703 1277 2768 καί

128 2805 226 2889 ἀρετῇ
242 2803 294 2870 καὶ
309 2807 349 2893 τῇ
365 2804 453 2889 ἀλλῃ
467 2804 625 2890 λεγομένῃ
640 2804 958 2894 εὐδαιμονίᾳπ-Ρίαί.
979 2807 1099 2871 Charin.
1120 2811 1190 2883 157,
1207 2809 1241 2870 Ε.

174 2973 229 3053 (3.)
268 2969 284 3036 ὁ
314 2971 432 3058 ῥυθμὸς
470 2973 725 3062 Ἀνακρεόντειός
763 2974 837 3038 ε’στι
874 2975 1088 3056 κεκλασμένας
1125 2973 1205 3061 πρὸς
1239 2974 1277 3040 τὸ

128 3074 326 3162 θρηνητικόν·
372 3077 553 3160 ἐπεδήμησε
576 3077 638 3165 γὰρ
663 3081 703 3164 τῇ
723 3077 858 3162 Ἀττικῇ
884 3081 1021 3165 Κριτίον
1045 3079 1275 3165 ἐρῶν-δοκοί.

127 3182 171 3243 ad
186 3183 293 3246 Αιοοίι.
306 3185 406 3247 Prom.
426 3185 497 3247 128.

172 3350 230 3431 (4.)
254 3350 347 3416 ἄκουε
378 3350 415 3433 δὴ
443 3351 468 3416 ὠ
495 3343 661 3438 Σώκρατες
690 3349 791 3435 λόγον
817 3351 910 3435 μάλα
930 3350 988 3434 μὲν
1011 3352 1132 3417 ἀτόπου
1154 3355 1275 3416 παντά-

126 3458 213 3519 πασί
227 3479 265 3536 ηε
278 3453 342 3536 μὴν
356 3455 496 3536 ἀληθοῦς
511 3456 554 3525 ὡς
569 3455 585 3520 ὁ
601 3460 664 3522 τῶν
679 3455 763 3522 έπτα
779 3455 967 3542 σοφώτατος
983 3449 1098 3523 Σόλων
1113 3453 1186 3520 ποτ’
1202 3456 1274 3540 ἔφη·

125 3554 165 3636 ἦν
190 3557 250 3640 μὲν
274 3557 328 3623 οὖν
343 3558 456 3628 οἰκεῖος
482 3562 534 3625 καὶ
560 3560 686 3649 σφόδρα
708 3561 805 3646 φιλας
828 3559 904 3643 ημῖν
919 3558 1094 3645 Δρωπίδου
1117 3564 1174 3625 τοῦ
1195 3586 1275 3647 προ-

125 3661 275 3735 πάππου,
292 3661 438 3751 καθάπερ
454 3663 542 3747 λέγει
556 3670 732 3752 πολλαχοῦ
746 3665 800 3730 καὶ
815 3663 910 3733 αὐτὸς
926 3663 958 3729 έν
973 3665 1012 3747 τῇ
1028 3663 1167 3744 ποιήσει.

170 3971 231 4057 ἐγὼ
247 3976 365 4061 φράσω
381 3973 524 4040 παλαιὸν
540 3974 680 4056 ἀκηκοὼς
695 3976 793 4058 λόγον
809 3974 846 4039 οὐ
861 3973 931 4039 νέον
948 3973 1071 4062 ἀνδρός·
1085 3973 1124 4055 ἦν
1137 3973 1196 4056 μέν
1210 3974 1273 4060 γὰρ

127 4075 164 4158 δὴ
180 4075 253 4142 τότε
276 4077 413 4165 Κριτίας
429 4079 470 4149 ὡς
485 4078 548 4165 ἔφη
564 4078 681 4168 σχεδὸν
697 4077 790 4161 εἠηὺς
811 4077 871 4159 ἤδη
893 4081 957 4143 τῶν
972 4077 1157 4158 ἐνενήκοντα
1180 4077 1268 4162 ἐτῶν,

128 4181 189 4265 ἐγὼ
205 4181 239 4247 δέ
253 4183 402 4266 μάλιστα
418 4181 679 4264 δεκέτης-Ρίαί.
699 4185 776 4247 Tim.
795 4185 845 4258 20,
862 4183 896 4245 E.

171 4386 234 4448 Hie
248 4386 367 4450 Critias
381 4387 549 4470 Tyrannus
561 4386 653 4470 fingit
668 4407 701 4450 se
717 4386 892 4449 decennem
904 4384 1045 4447 fabulam
1058 4384 1146 4447 illam
1160 4384 1199 4447 de
1212 4385 1271 4446 Αι-

128 4486 248 4552 lantide
263 4489 376 4552 abavo
392 4489 494 4553 Oritia
506 4490 683 4552 audivisse:
706 4489 794 4552 hune
808 4494 999 4552 autemeam
1015 4487 1055 4550 ab
1070 4488 1140 4570 ipso
1156 4487 1271 4551 Solone

128 4592 293 4675 accepisse.
340 4592 458 4658 Critiae
475 4594 573 4676 igitur
589 4594 720 4674 majores
737 4593 824 4654 hune
839 4592 873 4653 in
890 4591 1032 4656 ordinem
1048 4591 1244 4674 rediguntur.
