3018 5058
772 441 813 502 30

216 616 272 680 ille
288 615 406 680 Critiae
423 614 654 697 abjudicandus
670 619 725 690 est,
742 613 921 697 Philopono
937 621 1045 678 tamen
1061 613 1180 698 gratias
1196 614 1356 689 debemus,

221 720 340 804 quippe
355 720 411 803 qui
433 739 591 783 summam
615 718 734 783 Critiae
756 717 984 802 disputationis
1008 718 1251 782 conservaverit.
1297 718 1383 794 Quo.
1494 759 1497 778 ι

223 825 304 887 libro
318 823 435 887 Critias
447 822 486 887 de
499 823 606 886 anima
618 822 717 906 egerit
731 843 861 906 prorsus
873 829 922 886 est
937 823 1109 886 incertum:
1125 822 1160 886 in
1171 822 1364 905 Aphorr'smr‘a

224 936 307 991 certe
338 936 370 991 et
399 927 553 992 Homilr‘r's
583 925 803 1010 philosophiae
831 927 1045 1011 quaestiones
1065 926 1180 1010 tetigit,
1211 926 1267 990 sed
1301 925 1365 990 fieri

225 1037 330 1114 potest
345 1036 382 1095 ut
397 1031 591 1114 peculiarem
606 1030 908 1094 commentationem
924 1029 963 1094 de
979 1031 1038 1093 hec
1054 1051 1088 1093 re
1103 1029 1266 1113 scripserit

268 1136 434 1213 Quomodo
450 1156 561 1212 sermo,
577 1155 673 1218 quem
690 1134 806 1198 Critias
823 1135 857 1198 in
873 1135 1022 1218 operibns
1038 1134 1239 1218 pedestribus
1256 1155 1366 1216 usurp-

226 1241 301 1317 avit,
325 1263 398 1306 cum
426 1243 561 1325 Gorgiae
589 1242 756 1306 cohaereat
783 1243 930 1327 sequenti
958 1242 1062 1326 capite
1086 1242 1285 1306 videbimus:
1318 1242 1368 1305 hic

224 1354 333 1409 tamen
349 1368 451 1430 pauca
467 1368 483 1410 e
500 1347 694 1410 carminibus
711 1347 872 1412 afferenda
895 1353 980 1424 sunt,
996 1368 1079 1430 quae
1101 1348 1136 1411 in
1158 1346 1276 1412 Dielsii
1298 1367 1367 1410 sen·

225 1452 360 1515 tentiam
389 1451 509 1535 optime
537 1451 739 1515 conveniunt.
786 1453 921 1516 Constat
943 1452 1030 1516 enim
1053 1451 1255 1535 Empedoclis
1279 1471 1370 1533 opera

226 1554 420 1637 metaphoris
443 1553 617 1618 audacibus
641 1561 673 1618 et
696 1555 891 1620 dictionibus
907 1555 1001 1618 valde
1025 1556 1158 1638 poeticis
1174 1553 1369 1630 abundasse,1

225 1679 242 1721 e
258 1659 375 1741 quibus
390 1657 581 1722 Aristoteles
597 1680 699 1721 unum
715 1667 748 1722 et
770 1659 908 1723 alterum
923 1667 1158 1734 commemorat,
1175 1659 1224 1722 uti
1248 1655 1370 1740 decada

225 1763 303 1841 βίον
325 1783 382 1847 pro
405 1767 607 1827 senectute:¹
630 1763 763 1846 Gorgias
779 1785 906 1847 quoquc
929 1763 1086 1846 ejusmodi
1110 1763 1372 1826 translationibus

227 1868 411 1950 saepissime
427 1888 505 1931 usus
521 1875 576 1932 est.
624 1867 773 1931 Ceterum
789 1867 871 1931 illud
891 1868 1010 1932 Critiae
1026 1867 1127 1932 ὕπνον
1141 1870 1205 1932 τῶν
1220 1864 1373 1949 καμάτων

229 1970 345 2055 λιμένα
373 1972 483 2036 eodem
510 1972 629 2036 tendit:
662 1971 747 2036 idern
775 1993 861 2037 more
887 1973 1098 2056 Empedoclis,
1126 1972 1374 2036 conformatione

227 2077 366 2160 quadam
391 2098 440 2140 res
465 2077 624 2140 inanimes
649 2083 803 2158 tanquam
821 2076 911 2140 vivas
936 2075 1373 2158 1οαοια1,αιίπλάστνγξθ’

226 2182 246 2261 ἡ
270 2184 398 2267 χαλκοῦ
413 2177 556 2267 θυγάτηρ
572 2187 604 2244 et
619 2176 675 2245 τὸν
690 2178 724 2244 δὲ
739 2179 859 2268 τρόχου
873 2179 967 2263 γαίης
991 2207 1026 2246 τε
1050 2180 1184 2263 καμίνου
1199 2187 1235 2246 τὲ
1249 2179 1376 2264 ἔκγονον

228 2283 299 2372 εὗρε
326 2285 532 2350 κλεάνοτατον
558 2283 705 2373 κέραμον.
753 2287 793 2348 In
820 2287 1004 2370 compositis
1031 2307 1159 2370 quoque
1184 2286 1375 2350 affinitatem

229 2390 375 2472 detegere
398 2389 482 2464 licet,
498 2410 595 2473 quam
612 2390 728 2454 Critias
752 2411 825 2454 cum
849 2391 968 2474 Gorgia
983 2398 1015 2454 et
1037 2389 1230 2474 Empedocle
1254 2390 1375 2454 habuit.

228 2495 421 2578 Fragmenta
452 2493 538 2557 enim
569 2495 750 2577 perexigua,
778 2515 860 2577 quae
889 2500 1070 2577 supersunt,
1097 2494 1200 2558 multa
1231 2494 1373 2577 epitheta

230 2598 405 2673 continent,
422 2596 545 2660 anullo
561 2597 624 2660 alio
647 2604 740 2681 poeta
763 2605 923 2681 usurpata,
940 2599 989 2661 uti
1010 2595 1173 2684 γράμματ’
1189 2597 1377 2680 άλεξιλαγα·

228 2699 412 2790 οἰκοτριβὴς
434 2699 569 2777 δαπάνη·
598 2705 792 2782 συμποσίων
807 2700 959 2788 ἐρέθισμα
980 2704 1140 2785 γυναικῶν
1163 2700 1378 2789 ἠπερόπευμα·

231 2807 481 2894 φιλοβάρβιτος’
515 2805 572 2888 νὺξ
600 2805 790 2893 αιόλὸχρως“
825 2804 1027 2876 ὠκυπλάνοις
1060 2803 1229 2894 πτερύγων
1257 2807 1380 2894 ῥιπαῖς.

234 2913 322 2990 Quae
349 2912 457 2975 omnia
484 2911 533 2974 illi
560 2912 695 2995 Gorgiae
722 2914 964 2997 πτωχόμουσος
987 2913 1091 2994 κόλαξ
1116 2920 1148 2976 et
1174 2911 1381 2994 Empedoclis

234 3017 429 3081 dictionibus
460 3037 478 3078 a
508 3015 631 3081 Dielsio
659 3015 812 3100 adlegatis
839 3017 885 3079 ita
915 3017 1115 3100 respondent,
1143 3021 1180 3079 ut
1209 3016 1260 3079 his
1287 3014 1382 3078 novis

233 3121 428 3205 argumentis
465 3120 599 3183 conexio
635 3120 848 3198 confirmetur,
879 3141 976 3203 quam
1014 3121 1066 3184 hic
1096 3121 1146 3183 vir
1175 3120 1383 3183 doctissimus

231 3228 315 3289 inter
330 3223 555 3308 Empedoclem
571 3231 603 3288 et
619 3225 769 3308 Gorgiam
784 3225 948 3289 exstitisse
964 3225 1072 3289 credit.

226 3388 229 3396 Δ
268 3405 276 3436 ¹
290 3403 314 3456 ἓν
326 3401 362 3468 τῷ
376 3399 431 3472 περὶ
446 3403 564 3461 Ποιητῶν
578 3411 651 3466 φησιν
662 3399 708 3470 (sc.
725 3398 906 3470 Apamiam)
917 3398 957 3454 dre
971 3399 1016 3452 eal
1026 3397 1163 3474 Ὃμηριιιδς
1175 3401 1189 3453 ι’
1199 3397 1387 3467 Ἐμπεδοκλῆς

234 3490 279 3545 καὶ
299 3489 372 3547 δεινός
392 3489 446 3560 πιρ1
467 3489 514 3552 τὴν
528 3488 620 3556 Φράσιι
633 3491 730 3558 γέγονε,
740 3490 915 3562 μεταφορικάς
929 3484 954 3544 τ’
968 3489 999 3543 dr
1012 3488 1058 3542 nal
1073 3493 1124 3546 τοῖς
1138 3492 1230 3546 ἄλλοις
1250 3493 1305 3545 τοῖς
1326 3488 1386 3562 περὶ

210 3655 212 3662 y
234 3577 367 3641 accurrerit
380 3576 556 3647 ἐπιτεύγμασι
567 3578 697 3652 χρώμενος,
710 3579 784 3647 Diog.
798 3579 883 3633 Laert.
898 3577 960 3634 Vll.
975 3579 1016 3633 57.

269 3666 398 3722 ²Aristot.
412 3666 486 3724 Post.
502 3669 578 3737 1457,
591 3668 614 3722 b.
629 3672 671 3724 24.
