3018 5058
794 479 833 544 18

235 657 471 735 pentametrum
483 673 584 717 unum
596 653 719 717 iambos
730 652 901 718 nonnullos
914 654 1044 718 incertis
1056 675 1095 718 ex
1107 655 1224 718 fabulis
1235 655 1269 718 in
1280 656 1376 719 Flori·
1487 685 1489 749 ζ

236 752 347 835 leffium
371 753 523 846 recepit:¹
546 753 745 838 Philoponus
770 773 930 817 summam
956 753 1185 837 disputationis
1211 755 1251 819 de
1277 755 1377 819 animo
1485 792 1486 796 =

235 855 270 919 in
298 856 534 920 Commentario
557 857 756 922 transtulitz¹
787 857 972 922 scholiastes
999 878 1125 941 quoque
1155 858 1189 921 in
1221 858 1378 942 Euripidis

235 961 444 1047 Hippolytum
479 982 582 1045 pauca
612 983 630 1026 e
661 961 762 1027 Oritia
797 963 910 1026 affert.³
963 961 1090 1026 Ultima
1125 963 1260 1048 vestigia
1295 961 1375 1046 apud

236 1066 457 1129 Eustathium⁴
472 1071 505 1130 et
515 1066 697 1129 Maximum
710 1065 905 1130 Planudem⁸
917 1067 1127 1150 reperiuntur.
1166 1067 1239 1144 Qua
1254 1066 1378 1130 fortuna

236 1167 356 1234 Critiae
372 1171 491 1254 scripta
506 1177 616 1254 postea
632 1192 690 1234 usa
706 1171 771 1234 sint
786 1190 915 1254 prorsus
930 1171 1089 1235 incertum
1105 1177 1161 1234 est.

253 1325 255 1333 ,
280 1276 328 1337 Ex
341 1275 392 1338 his
408 1275 601 1339 testimoniis
613 1281 745 1358 apparet
757 1276 891 1340 (initiam
904 1275 1048 1358 quinque
1060 1274 1172 1338 saltem
1186 1295 1280 1358 opera
1292 1295 1380 1357 prosa

236 1380 378 1444 oratione
393 1379 625 1464 conscripsisse,
636 1380 754 1464 quibus
770 1380 903 1444 fortasse
919 1379 1144 1443 commentatio
1160 1378 1330 1462 peculiaris
1343 1377 1379 1440 de

236 1484 344 1548 anima
359 1483 502 1548 accessit.

272 1593 295 1642 1.
317 1593 456 1644 Πολιτεῖαι

341 1675 382 1744 (a)
401 1673 610 1746 Λακεδαιμονίων

344 1764 381 1834 (β)
403 1767 551 1822 Θετταλῶν

272 1859 296 1910 2.
314 1850 440 1922 ’Ouzalai

272 1947 297 1998 3.
315 1938 468 2014 Ἀφορισμόι

271 2035 295 2084 4.
317 2030 490 2103 Δημηγορικαὶ
503 2028 626 2102 προοίμια

272 2125 295 2175 5.
317 2119 379 2194 Περὶ
395 2117 486 2184 φύσεως
499 2118 585 2190 ἔρωτος
597 2113 612 2181 ἢ
625 2115 726 2189 ἐρώτων.

236 2210 345 2292 Atque
362 2231 425 2292 quo
441 2209 541 2291 magis
566 2207 739 2270 dolendum
765 2211 813 2268 est
838 2202 922 2287 quod
948 2203 983 2265 hi
1007 2202 1080 2264 libri
1106 2221 1207 2284 usque
1232 2200 1273 2263 ad
1298 2200 1383 2284 frag·

238 2321 345 2376 menta
369 2313 541 2396 perexigua
563 2311 734 2394 perierunt,
750 2329 787 2373 eo
808 2306 994 2391 diligentius
1018 2305 1169 2388 reliquias
1192 2304 1386 2388 perscrutari

238 2418 451 2494 debemusne
467 2415 589 2500 aliquid
606 2437 664 2478 nos
679 2413 790 2496 fugiat,
802 2411 889 2496 quod
904 2410 956 2475 vel
971 2410 1072 2493 ipsius
1086 2409 1203 2474 Critiae
1218 2408 1386 2490 ingenium

237 2522 289 2586 vel
311 2522 491 2586 litterarum
509 2520 691 2584 Atticarum
714 2517 880 2581 historiam
903 2515 1063 2579 illustrare
1079 2513 1187 2597 possit.
1234 2511 1298 2576 Sed
1321 2532 1386 2574 non

238 2626 457 2708 antescripto
484 2632 568 2688 recte
591 2622 736 2707 judicare
763 2620 938 2704 poterimus
961 2638 1058 2700 quam
1085 2638 1186 2700 pauca
1213 2616 1252 2680 de
1279 2615 1385 2698 ipsius
1496 2633 1497 2676 1

238 2730 401 2814 scriptoris
424 2729 551 2812 ingenio
575 2726 754 2809 studiisque
769 2724 887 2808 quibus
903 2721 1046 2788 eruditus
1063 2727 1110 2786 est
1133 2719 1386 2804 cognoverimus.
1496 2787 1497 2790 Ἴ

379 2898 473 2952 1st0s.
483 2894 610 2966 riorum.
624 2893 682 2962 (us.
697 2891 838 2962 uernans),
853 2892 874 2946 1.
889 2895 948 2958 ecs,
959 2893 1019 2959 aaa,
1034 2889 1071 2943 11.
1086 2892 1110 2958 a,
1121 2888 1174 2942 111.
1189 2889 1248 2942 ror.

379 2986 389 3015 ²
403 2985 469 3039 Tcst.
484 2985 548 3039 Aac.
560 2983 606 3037 IV.
621 2987 645 3037 4„
892 2980 958 3033 ²1⁴⁷r.
973 2983 1013 3034 1³.

381 3070 447 3127 ⁴Fr.
459 3077 484 3128 6.
886 3065 978 3120 wau.
994 3065 1057 3120 Ant.
1073 3064 1119 3118 IV.
1135 3068 1175 3119 12.
