<?xml version="1.0" encoding="UTF-8"?>
<!DOCTYPE html PUBLIC "-//W3C//DTD XHTML 1.0 Transitional//EN"
    "http://www.w3.org/TR/xhtml1/DTD/xhtml1-transitional.dtd">
<html xmlns="http://www.w3.org/1999/xhtml" xml:lang="en" lang="en">
 <head>
  <title>
</title>
<meta http-equiv="Content-Type" content="text/html;charset=utf-8" />
  <meta name='ocr-system' content='tesseract 3.04.00' />
  <meta name='ocr-capabilities' content='ocr_page ocr_carea ocr_par ocr_line ocrx_word'/>
</head>
<body>
  <div class='ocr_page' id='page_1' title='image "./decritiaeoperib00patrgoog_0027.png"; bbox 0 0 3018 5058; ppageno 0'>
   <div class='ocr_carea' id='block_1_1' title="bbox 779 459 819 520">
    <p class='ocr_par' dir='ltr' id='par_1_1' title="bbox 779 459 819 520">
     <span class='ocr_line' id='line_1_1' title="bbox 779 459 819 520; baseline -0.025 0"><span class='ocrx_word' id='word_1_1' title='bbox 779 459 819 520; x_wconf 79' lang='lat'>16</span> 
     </span>
    </p>
   </div>
   <div class='ocr_carea' id='block_1_2' title="bbox 221 611 1383 4044">
    <p class='ocr_par' dir='ltr' id='par_1_2' title="bbox 221 611 1363 1220">
     <span class='ocr_line' id='line_1_2' title="bbox 221 611 1360 718; baseline -0.011 -17"><span class='ocrx_word' id='word_1_2' title='bbox 221 636 371 702; x_wconf 87' lang='lat' dir='ltr'>Ceterum</span> <span class='ocrx_word' id='word_1_3' title='bbox 383 635 540 718; x_wconf 90' lang='lat' dir='ltr'>Dionysio</span> <span class='ocrx_word' id='word_1_4' title='bbox 552 631 829 698; x_wconf 87' lang='lat' dir='ltr'>Halicarnassensi</span> <span class='ocrx_word' id='word_1_5' title='bbox 843 629 1038 694; x_wconf 90' lang='lat' dir='ltr'>hauddubie</span> <span class='ocrx_word' id='word_1_6' title='bbox 1051 611 1088 692; x_wconf 91' lang='lat' dir='ltr'>in</span> <span class='ocrx_word' id='word_1_7' title='bbox 1105 627 1252 692; x_wconf 87' lang='lat' dir='ltr'>manibus</span> <span class='ocrx_word' id='word_1_8' title='bbox 1269 626 1360 690; x_wconf 89' lang='lat' dir='ltr'>luere.</span> 
     </span>
     <span class='ocr_line' id='line_1_3' title="bbox 223 730 1362 823; baseline -0.011 -19"><span class='ocrx_word' id='word_1_9' title='bbox 223 742 287 804; x_wconf 91' lang='lat' dir='ltr'>Hic</span> <span class='ocrx_word' id='word_1_10' title='bbox 308 741 403 816; x_wconf 89' lang='lat' dir='ltr'>enim,</span> <span class='ocrx_word' id='word_1_11' title='bbox 419 739 575 823; x_wconf 87' lang='lat' dir='ltr'>quamvis,</span> <span class='ocrx_word' id='word_1_12' title='bbox 591 736 730 820; x_wconf 88' lang='lat' dir='ltr'>amplius</span> <span class='ocrx_word' id='word_1_13' title='bbox 750 736 790 802; x_wconf 90' lang='lat' dir='ltr'>de</span> <span class='ocrx_word' id='word_1_14' title='bbox 813 734 913 799; x_wconf 91' lang='lat' dir='ltr'>Critia</span> <span class='ocrx_word' id='word_1_15' title='bbox 933 734 1086 798; x_wconf 83' lang='lat' dir='ltr'><strong>disserere</strong></span> <span class='ocrx_word' id='word_1_16' title='bbox 1106 737 1238 809; x_wconf 89' lang='lat' dir='ltr'>recuset,</span> <span class='ocrx_word' id='word_1_17' title='bbox 1254 730 1362 796; x_wconf 90' lang='lat' dir='ltr'>stilum</span> 
     </span>
     <span class='ocr_line' id='line_1_4' title="bbox 222 832 1363 927; baseline -0.011 -19"><span class='ocrx_word' id='word_1_18' title='bbox 222 846 298 925; x_wconf 89' lang='lat' dir='ltr'>ejus,</span> <span class='ocrx_word' id='word_1_19' title='bbox 322 850 478 927; x_wconf 81' lang='lat' dir='ltr'>tanquam</span> <span class='ocrx_word' id='word_1_20' title='bbox 504 842 676 907; x_wconf 87' lang='lat' dir='ltr'>lectoribus</span> <span class='ocrx_word' id='word_1_21' title='bbox 707 841 784 904; x_wconf 87' lang='lat' dir='ltr'>satis</span> <span class='ocrx_word' id='word_1_22' title='bbox 811 845 933 914; x_wconf 90' lang='lat' dir='ltr'>notum,</span> <span class='ocrx_word' id='word_1_23' title='bbox 955 837 1095 920; x_wconf 85' lang='lat' dir='ltr'>exempli</span> <span class='ocrx_word' id='word_1_24' title='bbox 1124 837 1227 919; x_wconf 83' lang='lat' dir='ltr'>gratia</span> <span class='ocrx_word' id='word_1_25' title='bbox 1253 832 1363 898; x_wconf 85' lang='lat' dir='ltr'>affert¹</span> 
     </span>
     <span class='ocr_line' id='line_1_5' title="bbox 223 937 1363 1024; baseline -0.011 -13"><span class='ocrx_word' id='word_1_26' title='bbox 223 949 308 1024; x_wconf 76' lang='lat' dir='ltr'>Quid</span> <span class='ocrx_word' id='word_1_27' title='bbox 331 948 489 1013; x_wconf 82' lang='lat' dir='ltr'>Caecilius</span> <span class='ocrx_word' id='word_1_28' title='bbox 505 946 544 1010; x_wconf 89' lang='lat' dir='ltr'>de</span> <span class='ocrx_word' id='word_1_29' title='bbox 561 945 661 1010; x_wconf 88' lang='lat' dir='ltr'>Critia</span> <span class='ocrx_word' id='word_1_30' title='bbox 682 943 905 1019; x_wconf 66' lang='lat' dir='ltr'>consuscitat(</span> <span class='ocrx_word' id='word_1_31' title='bbox 928 941 984 1005; x_wconf 92' lang='lat' dir='ltr'>illo</span> <span class='ocrx_word' id='word_1_32' title='bbox 1000 941 1078 1006; x_wconf 89' lang='lat' dir='ltr'>satis</span> <span class='ocrx_word' id='word_1_33' title='bbox 1094 940 1207 1015; x_wconf 88' lang='lat' dir='ltr'>elucet,</span> <span class='ocrx_word' id='word_1_34' title='bbox 1223 938 1308 1022; x_wconf 90' lang='lat' dir='ltr'>quod</span> <span class='ocrx_word' id='word_1_35' title='bbox 1332 937 1363 999; x_wconf 93' lang='lat' dir='ltr'>in</span> 
     </span>
     <span class='ocr_line' id='line_1_6' title="bbox 222 1043 1363 1130; baseline -0.008 -15"><span class='ocrx_word' id='word_1_36' title='bbox 222 1060 381 1116; x_wconf 91' lang='lat' dir='ltr'>oratorum</span> <span class='ocrx_word' id='word_1_37' title='bbox 398 1071 518 1117; x_wconf 86' lang='lat' dir='ltr'>canone</span> <span class='ocrx_word' id='word_1_38' title='bbox 537 1049 760 1116; x_wconf 89' lang='lat' dir='ltr'>constituendo</span> <span class='ocrx_word' id='word_1_39' title='bbox 781 1069 821 1113; x_wconf 91' lang='lat' dir='ltr'>ne</span> <span class='ocrx_word' id='word_1_40' title='bbox 838 1046 998 1112; x_wconf 78' lang='lat' dir='ltr'><strong>Andocidi</strong></span> <span class='ocrx_word' id='word_1_41' title='bbox 1013 1045 1143 1130; x_wconf 89' lang='lat' dir='ltr'>quidem</span> <span class='ocrx_word' id='word_1_42' title='bbox 1166 1043 1363 1127; x_wconf 89' lang='lat' dir='ltr'>praepositus</span> 
     </span>
     <span class='ocr_line' id='line_1_7' title="bbox 222 1157 284 1220; baseline -0.032 0"><span class='ocrx_word' id='word_1_43' title='bbox 222 1157 284 1220; x_wconf 71' lang='lat' dir='ltr'>sit.2</span> 
     </span>
    </p>

    <p class='ocr_par' dir='ltr' id='par_1_3' title="bbox 223 1257 1383 4044">
     <span class='ocr_line' id='line_1_8' title="bbox 268 1257 1364 1345; baseline -0.005 -21"><span class='ocrx_word' id='word_1_44' title='bbox 268 1263 421 1345; x_wconf 76' lang='lat' dir='ltr'>Sequenti</span> <span class='ocrx_word' id='word_1_45' title='bbox 439 1261 565 1326; x_wconf 89' lang='lat' dir='ltr'>saeculo</span> <span class='ocrx_word' id='word_1_46' title='bbox 577 1260 796 1325; x_wconf 87' lang='lat' dir='ltr'>vetustissima</span> <span class='ocrx_word' id='word_1_47' title='bbox 810 1258 929 1324; x_wconf 78' lang='lat' dir='ltr'>Critiae</span> <span class='ocrx_word' id='word_1_48' title='bbox 945 1259 1122 1343; x_wconf 84' lang='lat' dir='ltr'>fragmenta</span> <span class='ocrx_word' id='word_1_49' title='bbox 1138 1257 1224 1340; x_wconf 87' lang='lat' dir='ltr'>apud</span> <span class='ocrx_word' id='word_1_50' title='bbox 1240 1257 1364 1319; x_wconf 88' lang='lat' dir='ltr'>Plutar-</span> 
     </span>
     <span class='ocr_line' id='line_1_9' title="bbox 223 1360 1366 1448; baseline -0.004 -19"><span class='ocrx_word' id='word_1_51' title='bbox 223 1366 360 1429; x_wconf 88' lang='lat' dir='ltr'>churnet</span> <span class='ocrx_word' id='word_1_52' title='bbox 368 1366 513 1430; x_wconf 87' lang='lat' dir='ltr'>Cassium</span> <span class='ocrx_word' id='word_1_53' title='bbox 523 1365 661 1428; x_wconf 89' lang='lat' dir='ltr'>Dionem</span> <span class='ocrx_word' id='word_1_54' title='bbox 672 1364 883 1448; x_wconf 90' lang='lat' dir='ltr'>reperiuntur.</span> <span class='ocrx_word' id='word_1_55' title='bbox 907 1360 1366 1443; x_wconf 74' lang='lat' dir='ltr'>Chaeronenensiseiillllcpr&#39;r&#39;s,⁸</span> 
     </span>
     <span class='ocr_line' id='line_1_10' title="bbox 224 1464 1365 1552; baseline -0.004 -19"><span class='ocrx_word' id='word_1_56' title='bbox 224 1471 364 1534; x_wconf 63' lang='lat' dir='ltr'>Partitur</span> <span class='ocrx_word' id='word_1_57' title='bbox 376 1478 417 1546; x_wconf 91' lang='lat' dir='ltr'>et,</span> <span class='ocrx_word' id='word_1_58' title='bbox 428 1471 463 1532; x_wconf 89' lang='lat' dir='ltr'>ni</span> <span class='ocrx_word' id='word_1_59' title='bbox 480 1470 580 1546; x_wconf 87' lang='lat' dir='ltr'>fallor,</span> <span class='ocrx_word' id='word_1_60' title='bbox 596 1491 613 1534; x_wconf 91' lang='lat' dir='ltr'>e</span> <span class='ocrx_word' id='word_1_61' title='bbox 629 1470 796 1532; x_wconf 63' lang='grc' dir='ltr'>Ηουιίίιέἐι5</span> <span class='ocrx_word' id='word_1_62' title='bbox 808 1468 931 1532; x_wconf 87' lang='lat' dir='ltr'>hausit:</span> <span class='ocrx_word' id='word_1_63' title='bbox 947 1468 1034 1552; x_wconf 83' lang='lat' dir='ltr'>origo</span> <span class='ocrx_word' id='word_1_64' title='bbox 1045 1465 1216 1551; x_wconf 86' lang='lat' dir='ltr'>fragmenti</span> <span class='ocrx_word' id='word_1_65' title='bbox 1228 1487 1247 1528; x_wconf 90' lang='lat' dir='ltr'>a</span> <span class='ocrx_word' id='word_1_66' title='bbox 1259 1464 1365 1529; x_wconf 87' lang='lat' dir='ltr'>Cassio</span> 
     </span>
     <span class='ocr_line' id='line_1_11' title="bbox 224 1569 1367 1655; baseline -0.005 -19"><span class='ocrx_word' id='word_1_67' title='bbox 224 1572 344 1636; x_wconf 92' lang='lat' dir='ltr'>servati</span> <span class='ocrx_word' id='word_1_68' title='bbox 359 1574 480 1637; x_wconf 89' lang='lat' dir='ltr'>incerta</span> <span class='ocrx_word' id='word_1_69' title='bbox 493 1579 558 1652; x_wconf 90' lang='lat' dir='ltr'>est;</span> <span class='ocrx_word' id='word_1_70' title='bbox 579 1573 684 1637; x_wconf 89' lang='lat' dir='ltr'>elucet</span> <span class='ocrx_word' id='word_1_71' title='bbox 695 1578 804 1637; x_wconf 87' lang='lat' dir='ltr'>tamen</span> <span class='ocrx_word' id='word_1_72' title='bbox 816 1594 833 1637; x_wconf 91' lang='lat' dir='ltr'>e</span> <span class='ocrx_word' id='word_1_73' title='bbox 845 1572 1052 1655; x_wconf 73' lang='lat' dir='ltr'>rationeque</span> <span class='ocrx_word' id='word_1_74' title='bbox 1064 1570 1160 1634; x_wconf 88' lang='lat' dir='ltr'>verba</span> <span class='ocrx_word' id='word_1_75' title='bbox 1172 1569 1367 1653; x_wconf 85' lang='lat' dir='ltr'>adlegantur,</span> 
     </span>
     <span class='ocr_line' id='line_1_12' title="bbox 225 1673 1366 1741; baseline -0.005 -1"><span class='ocrx_word' id='word_1_76' title='bbox 225 1677 418 1740; x_wconf 89' lang='lat' dir='ltr'>sententiam</span> <span class='ocrx_word' id='word_1_77' title='bbox 438 1677 639 1740; x_wconf 77' lang='lat' dir='ltr'>notissimam</span> <span class='ocrx_word' id='word_1_78' title='bbox 664 1676 783 1741; x_wconf 73' lang='lat' dir='ltr'>fuisse.⁶</span> <span class='ocrx_word' id='word_1_79' title='bbox 826 1676 954 1740; x_wconf 84' lang='lat' dir='ltr'>Deinde</span> <span class='ocrx_word' id='word_1_80' title='bbox 978 1676 1018 1738; x_wconf 87' lang='lat' dir='ltr'>ad</span> <span class='ocrx_word' id='word_1_81' title='bbox 1044 1674 1206 1740; x_wconf 86' lang='lat' dir='ltr'>Herodem</span> <span class='ocrx_word' id='word_1_82' title='bbox 1221 1673 1366 1736; x_wconf 89' lang='lat' dir='ltr'>Atticum</span> 
     </span>
     <span class='ocr_line' id='line_1_13' title="bbox 224 1776 1367 1863; baseline -0.003 -20"><span class='ocrx_word' id='word_1_83' title='bbox 224 1780 435 1863; x_wconf 85' lang='lat' dir='ltr'>pervenimus,</span> <span class='ocrx_word' id='word_1_84' title='bbox 451 1780 558 1843; x_wconf 90' lang='lat' dir='ltr'>virum</span> <span class='ocrx_word' id='word_1_85' title='bbox 581 1781 621 1844; x_wconf 92' lang='lat' dir='ltr'>de</span> <span class='ocrx_word' id='word_1_86' title='bbox 644 1779 744 1844; x_wconf 89' lang='lat' dir='ltr'>Critia</span> <span class='ocrx_word' id='word_1_87' title='bbox 767 1779 888 1863; x_wconf 88' lang='lat' dir='ltr'>optime</span> <span class='ocrx_word' id='word_1_88' title='bbox 910 1779 1070 1854; x_wconf 87' lang='lat' dir='ltr'>meritum,</span> <span class='ocrx_word' id='word_1_89' title='bbox 1086 1778 1206 1862; x_wconf 89' lang='lat' dir='ltr'>quippe</span> <span class='ocrx_word' id='word_1_90' title='bbox 1221 1776 1278 1860; x_wconf 92' lang='lat' dir='ltr'>qui</span> <span class='ocrx_word' id='word_1_91' title='bbox 1301 1777 1367 1859; x_wconf 90' lang='lat' dir='ltr'>ejus</span> 
     </span>
     <span class='ocr_line' id='line_1_14' title="bbox 224 1880 1368 1966; baseline -0.001 -21"><span class='ocrx_word' id='word_1_92' title='bbox 224 1881 335 1948; x_wconf 88' lang='lat' dir='ltr'>laudes</span> <span class='ocrx_word' id='word_1_93' title='bbox 351 1885 391 1948; x_wconf 88' lang='lat' dir='ltr'>ab</span> <span class='ocrx_word' id='word_1_94' title='bbox 407 1884 568 1948; x_wconf 90' lang='lat' dir='ltr'>oblivione</span> <span class='ocrx_word' id='word_1_95' title='bbox 585 1883 804 1947; x_wconf 87' lang='lat' dir='ltr'>vindicaverit.</span> <span class='ocrx_word' id='word_1_96' title='bbox 850 1883 980 1949; x_wconf 85' lang='lat' dir='ltr'>Etenim</span> <span class='ocrx_word' id='word_1_97' title='bbox 1002 1883 1137 1947; x_wconf 88' lang='lat' dir='ltr'>Critiam</span> <span class='ocrx_word' id='word_1_98' title='bbox 1159 1903 1235 1966; x_wconf 86' lang='lat' dir='ltr'>prae</span> <span class='ocrx_word' id='word_1_99' title='bbox 1256 1880 1368 1944; x_wconf 85' lang='lat' dir='ltr'>ceteris</span> 
     </span>
     <span class='ocr_line' id='line_1_15' title="bbox 227 1987 1368 2072; baseline -0.002 -22"><span class='ocrx_word' id='word_1_100' title='bbox 227 1988 436 2070; x_wconf 79' lang='lat' dir='ltr'>scriptoribus</span> <span class='ocrx_word' id='word_1_101' title='bbox 457 1988 572 2052; x_wconf 88' lang='lat' dir='ltr'>dilexit</span> <span class='ocrx_word' id='word_1_102' title='bbox 587 1988 763 2072; x_wconf 91' lang='lat' dir='ltr'>stilumque</span> <span class='ocrx_word' id='word_1_103' title='bbox 784 1988 853 2072; x_wconf 89' lang='lat' dir='ltr'>ejus</span> <span class='ocrx_word' id='word_1_104' title='bbox 870 1988 931 2052; x_wconf 90' lang='lat' dir='ltr'>sibi</span> <span class='ocrx_word' id='word_1_105' title='bbox 953 1987 1063 2052; x_wconf 90' lang='lat' dir='ltr'>sedulo</span> <span class='ocrx_word' id='word_1_106' title='bbox 1085 1987 1277 2051; x_wconf 89' lang='lat' dir='ltr'>imitandum</span> <span class='ocrx_word' id='word_1_107' title='bbox 1300 2005 1368 2068; x_wconf 92' lang='lat' dir='ltr'>pro·</span> 
     </span>
     <span class='ocr_line' id='line_1_16' title="bbox 227 2089 1368 2175; baseline -0.003 -22"><span class='ocrx_word' id='word_1_108' title='bbox 227 2089 365 2174; x_wconf 86' lang='lat' dir='ltr'>posuit:⁷</span> <span class='ocrx_word' id='word_1_109' title='bbox 387 2091 472 2156; x_wconf 89' lang='lat' dir='ltr'>idem</span> <span class='ocrx_word' id='word_1_110' title='bbox 498 2092 557 2156; x_wconf 93' lang='lat' dir='ltr'>hoc</span> <span class='ocrx_word' id='word_1_111' title='bbox 580 2091 723 2156; x_wconf 89' lang='lat' dir='ltr'>studium</span> <span class='ocrx_word' id='word_1_112' title='bbox 745 2091 933 2175; x_wconf 85' lang='lat' dir='ltr'>aequalibus</span> <span class='ocrx_word' id='word_1_113' title='bbox 954 2091 1185 2175; x_wconf 86' lang='lat' dir='ltr'>discipulisque</span> <span class='ocrx_word' id='word_1_114' title='bbox 1206 2089 1368 2174; x_wconf 89' lang='lat' dir='ltr'>impertiit,</span> 
     </span>
     <span class='ocr_line' id='line_1_17' title="bbox 228 2193 1369 2278; baseline -0.001 -23"><span class='ocrx_word' id='word_1_115' title='bbox 228 2193 285 2276; x_wconf 92' lang='lat' dir='ltr'>qui</span> <span class='ocrx_word' id='word_1_116' title='bbox 301 2193 436 2257; x_wconf 88' lang='lat' dir='ltr'>multam</span> <span class='ocrx_word' id='word_1_117' title='bbox 453 2215 581 2278; x_wconf 86' lang='lat' dir='ltr'>operam</span> <span class='ocrx_word' id='word_1_118' title='bbox 602 2195 636 2258; x_wconf 89' lang='lat' dir='ltr'>in</span> <span class='ocrx_word' id='word_1_119' title='bbox 659 2195 777 2258; x_wconf 81' lang='lat' dir='ltr'>Critiae</span> <span class='ocrx_word' id='word_1_120' title='bbox 798 2194 946 2278; x_wconf 89' lang='lat' dir='ltr'>operibus</span> <span class='ocrx_word' id='word_1_121' title='bbox 962 2195 1196 2278; x_wconf 87' lang='lat' dir='ltr'>consumpsisse</span> <span class='ocrx_word' id='word_1_122' title='bbox 1212 2193 1369 2258; x_wconf 89' lang='lat' dir='ltr'>videntur.</span> 
     </span>
     <span class='ocr_line' id='line_1_18' title="bbox 228 2296 1372 2382; baseline 0.001 -23"><span class='ocrx_word' id='word_1_123' title='bbox 228 2296 389 2361; x_wconf 87' lang='lat' dir='ltr'>Videlicet</span> <span class='ocrx_word' id='word_1_124' title='bbox 404 2298 539 2362; x_wconf 89' lang='lat' dir='ltr'>Photius</span> <span class='ocrx_word' id='word_1_125' title='bbox 561 2299 652 2363; x_wconf 90' lang='lat' dir='ltr'>testis</span> <span class='ocrx_word' id='word_1_126' title='bbox 672 2304 721 2362; x_wconf 90' lang='lat' dir='ltr'>est</span> <span class='ocrx_word' id='word_1_127' title='bbox 737 2298 957 2382; x_wconf 91' lang='lat' dir='ltr'>Phrynichum</span> <span class='ocrx_word' id='word_1_128' title='bbox 980 2299 1113 2363; x_wconf 91' lang='lat' dir='ltr'>Critiam</span> <span class='ocrx_word' id='word_1_129' title='bbox 1135 2298 1220 2362; x_wconf 90' lang='lat' dir='ltr'>inter</span> <span class='ocrx_word' id='word_1_130' title='bbox 1235 2297 1372 2381; x_wconf 89' lang='lat' dir='ltr'>optimos</span> 
     </span>
     <span class='ocr_line' id='line_1_19' title="bbox 226 2400 1372 2487; baseline 0.002 -25"><span class='ocrx_word' id='word_1_131' title='bbox 226 2400 353 2464; x_wconf 86' lang='lat' dir='ltr'>Atticos</span> <span class='ocrx_word' id='word_1_132' title='bbox 377 2401 547 2484; x_wconf 88' lang='lat' dir='ltr'>scriptores</span> <span class='ocrx_word' id='word_1_133' title='bbox 572 2400 803 2467; x_wconf 82' lang='lat' dir='ltr'>enumerasse:⁸</span> <span class='ocrx_word' id='word_1_134' title='bbox 825 2401 983 2466; x_wconf 88' lang='lat' dir='ltr'>Aristides</span> <span class='ocrx_word' id='word_1_135' title='bbox 998 2423 1134 2487; x_wconf 89' lang='lat' dir='ltr'>quoque,</span> <span class='ocrx_word' id='word_1_136' title='bbox 1150 2402 1288 2466; x_wconf 89' lang='lat' dir='ltr'>Herodis</span> <span class='ocrx_word' id='word_1_137' title='bbox 1309 2400 1372 2464; x_wconf 92' lang='lat' dir='ltr'>dis·</span> 
     </span>
     <span class='ocr_line' id='line_1_20' title="bbox 228 2504 1372 2588; baseline -0.001 -21"><span class='ocrx_word' id='word_1_138' title='bbox 228 2504 362 2588; x_wconf 89' lang='lat' dir='ltr'>cipulus,</span> <span class='ocrx_word' id='word_1_139' title='bbox 378 2505 539 2588; x_wconf 89' lang='lat' dir='ltr'>specimen</span> <span class='ocrx_word' id='word_1_140' title='bbox 555 2505 744 2569; x_wconf 88' lang='lat' dir='ltr'>elocutionis</span> <span class='ocrx_word' id='word_1_141' title='bbox 761 2504 881 2570; x_wconf 87' lang='lat' dir='ltr'>Critiae</span> <span class='ocrx_word' id='word_1_142' title='bbox 897 2507 1056 2569; x_wconf 72' lang='lat' dir='ltr'>servarier</span> <span class='ocrx_word' id='word_1_143' title='bbox 1100 2506 1236 2570; x_wconf 88' lang='lat' dir='ltr'>Accedit</span> <span class='ocrx_word' id='word_1_144' title='bbox 1248 2504 1372 2578; x_wconf 81' lang='lat' dir='ltr'>Pollux,</span> 
     </span>
     <span class='ocr_line' id='line_1_21' title="bbox 227 2607 1372 2693; baseline -0.004 -20"><span class='ocrx_word' id='word_1_145' title='bbox 227 2608 371 2692; x_wconf 85' lang='lat' dir='ltr'>ejusdem</span> <span class='ocrx_word' id='word_1_146' title='bbox 387 2609 501 2673; x_wconf 90' lang='lat' dir='ltr'>aetatis</span> <span class='ocrx_word' id='word_1_147' title='bbox 522 2609 775 2692; x_wconf 85' lang='lat' dir='ltr'>lexicographus,</span> <span class='ocrx_word' id='word_1_148' title='bbox 791 2609 846 2692; x_wconf 91' lang='lat' dir='ltr'>qui</span> <span class='ocrx_word' id='word_1_149' title='bbox 863 2608 982 2693; x_wconf 87' lang='lat' dir='ltr'>largam</span> <span class='ocrx_word' id='word_1_150' title='bbox 1004 2609 1128 2692; x_wconf 89' lang='lat' dir='ltr'>copiam</span> <span class='ocrx_word' id='word_1_151' title='bbox 1145 2607 1372 2674; x_wconf 86' lang='lat' dir='ltr'>vocabulorum</span> 
     </span>
     <span class='ocr_line' id='line_1_22' title="bbox 227 2711 1374 2798; baseline -0.001 -21"><span class='ocrx_word' id='word_1_152' title='bbox 227 2711 378 2778; x_wconf 86' lang='lat' dir='ltr'>eCritiae</span> <span class='ocrx_word' id='word_1_153' title='bbox 394 2713 522 2797; x_wconf 84' lang='lat' dir='ltr'>scriptis</span> <span class='ocrx_word' id='word_1_154' title='bbox 539 2713 799 2798; x_wconf 87' lang='lat' dir='ltr'>depromptorum</span> <span class='ocrx_word' id='word_1_155' title='bbox 814 2714 847 2776; x_wconf 91' lang='lat' dir='ltr'>in</span> <span class='ocrx_word' id='word_1_156' title='bbox 867 2714 1080 2778; x_wconf 69' lang='lat' dir='ltr'>Oamaastmoa</span> <span class='ocrx_word' id='word_1_157' title='bbox 1090 2713 1242 2798; x_wconf 81' lang='lat' dir='ltr'>recepia1⁰</span> <span class='ocrx_word' id='word_1_158' title='bbox 1286 2714 1374 2790; x_wconf 82' lang='lat' dir='ltr'>Quae</span> 
     </span>
     <span class='ocr_line' id='line_1_23' title="bbox 229 2816 1374 2901; baseline 0 -21"><span class='ocrx_word' id='word_1_159' title='bbox 229 2816 316 2880; x_wconf 91' lang='lat' dir='ltr'>haud</span> <span class='ocrx_word' id='word_1_160' title='bbox 332 2817 428 2882; x_wconf 91' lang='lat' dir='ltr'>dubie</span> <span class='ocrx_word' id='word_1_161' title='bbox 444 2818 562 2901; x_wconf 90' lang='lat' dir='ltr'>partim</span> <span class='ocrx_word' id='word_1_162' title='bbox 579 2839 596 2882; x_wconf 90' lang='lat' dir='ltr'>e</span> <span class='ocrx_word' id='word_1_163' title='bbox 618 2819 730 2882; x_wconf 88' lang='lat' dir='ltr'>lexicis</span> <span class='ocrx_word' id='word_1_164' title='bbox 745 2817 974 2882; x_wconf 86' lang='lat' dir='ltr'>vetustioribus</span> <span class='ocrx_word' id='word_1_165' title='bbox 990 2819 1242 2884; x_wconf 89' lang='lat' dir='ltr'>hausit—unum</span> <span class='ocrx_word' id='word_1_166' title='bbox 1260 2817 1374 2882; x_wconf 90' lang='lat' dir='ltr'>saltem</span> 
     </span>
     <span class='ocr_line' id='line_1_24' title="bbox 231 2920 1375 3006; baseline -0.002 -22"><span class='ocrx_word' id='word_1_167' title='bbox 231 2922 353 2985; x_wconf 82' lang='lat' dir='ltr'>fontem</span> <span class='ocrx_word' id='word_1_168' title='bbox 370 2942 444 2985; x_wconf 89' lang='lat' dir='ltr'>cum</span> <span class='ocrx_word' id='word_1_169' title='bbox 459 2921 624 3005; x_wconf 88' lang='lat' dir='ltr'>Hesychio</span> <span class='ocrx_word' id='word_1_170' title='bbox 641 2942 842 2986; x_wconf 89' lang='lat' dir='ltr'>communem</span> <span class='ocrx_word' id='word_1_171' title='bbox 859 2921 1074 2986; x_wconf 87' lang='lat' dir='ltr'>habuit—scd</span> <span class='ocrx_word' id='word_1_172' title='bbox 1089 2942 1218 3006; x_wconf 90' lang='lat' dir='ltr'>prorsus</span> <span class='ocrx_word' id='word_1_173' title='bbox 1234 2920 1375 3004; x_wconf 87' lang='lat' dir='ltr'>improb-</span> 
     </span>
     <span class='ocr_line' id='line_1_25' title="bbox 230 3024 1376 3109; baseline -0.002 -21"><span class='ocrx_word' id='word_1_174' title='bbox 230 3025 314 3089; x_wconf 87' lang='lat' dir='ltr'>abile</span> <span class='ocrx_word' id='word_1_175' title='bbox 329 3034 385 3102; x_wconf 90' lang='lat' dir='ltr'>est,</span> <span class='ocrx_word' id='word_1_176' title='bbox 399 3026 507 3089; x_wconf 89' lang='lat' dir='ltr'>omnia</span> <span class='ocrx_word' id='word_1_177' title='bbox 522 3046 605 3108; x_wconf 91' lang='lat' dir='ltr'>quae</span> <span class='ocrx_word' id='word_1_178' title='bbox 621 3027 740 3108; x_wconf 87' lang='lat' dir='ltr'>profert</span> <span class='ocrx_word' id='word_1_179' title='bbox 752 3027 818 3108; x_wconf 85' lang='lat' dir='ltr'>jam</span> <span class='ocrx_word' id='word_1_180' title='bbox 836 3033 910 3089; x_wconf 88' lang='lat' dir='ltr'>ante</span> <span class='ocrx_word' id='word_1_181' title='bbox 927 3026 1086 3090; x_wconf 88' lang='lat' dir='ltr'>Hadriani</span> <span class='ocrx_word' id='word_1_182' title='bbox 1098 3034 1245 3101; x_wconf 85' lang='lat' dir='ltr'>aetatem,</span> <span class='ocrx_word' id='word_1_183' title='bbox 1257 3024 1376 3109; x_wconf 87' lang='lat' dir='ltr'>quibus</span> 
     </span>
     <span class='ocr_line' id='line_1_26' title="bbox 230 3129 1377 3213; baseline -0.003 -20"><span class='ocrx_word' id='word_1_184' title='bbox 230 3129 427 3212; x_wconf 88' lang='lat' dir='ltr'>temporibus</span> <span class='ocrx_word' id='word_1_185' title='bbox 450 3129 569 3193; x_wconf 89' lang='lat' dir='ltr'>Critiae</span> <span class='ocrx_word' id='word_1_186' title='bbox 589 3150 684 3213; x_wconf 87' lang='lat' dir='ltr'>opera</span> <span class='ocrx_word' id='word_1_187' title='bbox 705 3129 849 3213; x_wconf 85' lang='lat' dir='ltr'>neglecta</span> <span class='ocrx_word' id='word_1_188' title='bbox 861 3130 1019 3212; x_wconf 88' lang='lat' dir='ltr'>jacebant,</span> <span class='ocrx_word' id='word_1_189' title='bbox 1034 3137 1144 3194; x_wconf 86' lang='lat' dir='ltr'>notata</span> <span class='ocrx_word' id='word_1_190' title='bbox 1160 3151 1246 3194; x_wconf 86' lang='lat' dir='ltr'>esse:</span> <span class='ocrx_word' id='word_1_191' title='bbox 1269 3129 1377 3213; x_wconf 89' lang='lat' dir='ltr'>potius</span> 
     </span>
     <span class='ocr_line' id='line_1_27' title="bbox 231 3233 1377 3318; baseline -0.003 -20"><span class='ocrx_word' id='word_1_192' title='bbox 231 3238 280 3298; x_wconf 88' lang='lat' dir='ltr'>est</span> <span class='ocrx_word' id='word_1_193' title='bbox 309 3233 519 3297; x_wconf 89' lang='lat' dir='ltr'>statuendum</span> <span class='ocrx_word' id='word_1_194' title='bbox 557 3233 799 3317; x_wconf 85' lang='lat' dir='ltr'>lexicographos</span> <span class='ocrx_word' id='word_1_195' title='bbox 838 3233 977 3298; x_wconf 89' lang='lat' dir='ltr'>Herodis</span> <span class='ocrx_word' id='word_1_196' title='bbox 1013 3233 1159 3318; x_wconf 84' lang='lat' dir='ltr'>exemplo</span> <span class='ocrx_word' id='word_1_197' title='bbox 1195 3233 1377 3299; x_wconf 87' lang='lat' dir='ltr'>stimulatos</span> 
     </span>
     <span class='ocr_line' id='line_1_28' title="bbox 231 3337 1378 3422; baseline -0.002 -20"><span class='ocrx_word' id='word_1_198' title='bbox 231 3337 351 3402; x_wconf 89' lang='lat' dir='ltr'>Critiae</span> <span class='ocrx_word' id='word_1_199' title='bbox 377 3337 475 3401; x_wconf 89' lang='lat' dir='ltr'>libros</span> <span class='ocrx_word' id='word_1_200' title='bbox 502 3337 607 3402; x_wconf 91' lang='lat' dir='ltr'>denuo</span> <span class='ocrx_word' id='word_1_201' title='bbox 633 3337 825 3420; x_wconf 90' lang='lat' dir='ltr'>perscrutari</span> <span class='ocrx_word' id='word_1_202' title='bbox 852 3338 1011 3420; x_wconf 89' lang='lat' dir='ltr'>coepisse:</span> <span class='ocrx_word' id='word_1_203' title='bbox 1041 3359 1179 3422; x_wconf 90' lang='lat' dir='ltr'>quarum</span> <span class='ocrx_word' id='word_1_204' title='bbox 1204 3338 1378 3420; x_wconf 82' lang='lat' dir='ltr'>investiga-</span> 
     </span>
     <span class='ocr_line' id='line_1_29' title="bbox 228 3440 1378 3525; baseline -0.003 -20"><span class='ocrx_word' id='word_1_205' title='bbox 228 3440 353 3505; x_wconf 89' lang='lat' dir='ltr'>tionum</span> <span class='ocrx_word' id='word_1_206' title='bbox 385 3441 509 3505; x_wconf 86' lang='lat' dir='ltr'>fructus</span> <span class='ocrx_word' id='word_1_207' title='bbox 540 3461 614 3505; x_wconf 87' lang='lat' dir='ltr'>oum</span> <span class='ocrx_word' id='word_1_208' title='bbox 645 3441 730 3523; x_wconf 89' lang='lat' dir='ltr'>apud</span> <span class='ocrx_word' id='word_1_209' title='bbox 761 3440 926 3506; x_wconf 91' lang='lat' dir='ltr'>Pollucem</span> <span class='ocrx_word' id='word_1_210' title='bbox 955 3446 1026 3506; x_wconf 90' lang='lat' dir='ltr'>tum</span> <span class='ocrx_word' id='word_1_211' title='bbox 1055 3443 1142 3525; x_wconf 87' lang='lat' dir='ltr'>apud</span> <span class='ocrx_word' id='word_1_212' title='bbox 1172 3441 1378 3506; x_wconf 84' lang='lat' dir='ltr'>Athenaeum</span> 
     </span>
     <span class='ocr_line' id='line_1_30' title="bbox 229 3543 1379 3628; baseline 0.005 -21"><span class='ocrx_word' id='word_1_213' title='bbox 229 3550 349 3628; x_wconf 87' lang='lat' dir='ltr'>patent.</span> <span class='ocrx_word' id='word_1_214' title='bbox 396 3543 517 3608; x_wconf 90' lang='lat' dir='ltr'>Eodem</span> <span class='ocrx_word' id='word_1_215' title='bbox 544 3543 609 3609; x_wconf 87' lang='lat' dir='ltr'>fere</span> <span class='ocrx_word' id='word_1_216' title='bbox 635 3549 777 3627; x_wconf 83' lang='lat' dir='ltr'>tempore</span> <span class='ocrx_word' id='word_1_217' title='bbox 803 3544 1010 3627; x_wconf 86' lang='lat' dir='ltr'>Hephaestio,</span> <span class='ocrx_word' id='word_1_218' title='bbox 1035 3545 1081 3609; x_wconf 92' lang='lat' dir='ltr'>rei</span> <span class='ocrx_word' id='word_1_219' title='bbox 1111 3545 1261 3610; x_wconf 86' lang='lat' dir='ltr'>metricae</span> <span class='ocrx_word' id='word_1_220' title='bbox 1287 3545 1379 3613; x_wconf 82' lang='lat' dir='ltr'>illus·</span> 
     </span>
     <span class='ocr_line' id='line_1_31' title="bbox 232 3649 1381 3731; baseline 0.001 -20"><span class='ocrx_word' id='word_1_221' title='bbox 232 3649 365 3712; x_wconf 89' lang='lat' dir='ltr'>trandae</span> <span class='ocrx_word' id='word_1_222' title='bbox 381 3669 484 3725; x_wconf 88' lang='lat' dir='ltr'>eausa,</span> <span class='ocrx_word' id='word_1_223' title='bbox 500 3652 652 3731; x_wconf 89' lang='lat' dir='ltr'>quattuor</span> <span class='ocrx_word' id='word_1_224' title='bbox 669 3668 779 3712; x_wconf 91' lang='lat' dir='ltr'>versus</span> <span class='ocrx_word' id='word_1_225' title='bbox 795 3670 835 3712; x_wconf 87' lang='lat' dir='ltr'>ex</span> <span class='ocrx_word' id='word_1_226' title='bbox 850 3650 960 3731; x_wconf 64' lang='lat' dir='ltr'>Erepto</span> <span class='ocrx_word' id='word_1_227' title='bbox 976 3651 1011 3713; x_wconf 83' lang='lat' dir='ltr'>a&#39;a</span> <span class='ocrx_word' id='word_1_228' title='bbox 1026 3649 1222 3714; x_wconf 80' lang='lat' dir='ltr'>Alcibiadem</span> <span class='ocrx_word' id='word_1_229' title='bbox 1237 3650 1331 3715; x_wconf 84' lang='lat' dir='ltr'>affert</span> <span class='ocrx_word' id='word_1_230' title='bbox 1342 3674 1348 3712; x_wconf 93' lang='lat'>:</span> <span class='ocrx_word' id='word_1_231' title='bbox 1359 3653 1381 3686; x_wconf 83' lang='lat'>¹¹</span> 
     </span>
     <span class='ocr_line' id='line_1_32' title="bbox 229 3751 1383 3836; baseline -0.001 -19"><span class='ocrx_word' id='word_1_232' title='bbox 229 3753 449 3836; x_wconf 85' lang='lat' dir='ltr'>Hermogenes</span> <span class='ocrx_word' id='word_1_233' title='bbox 473 3751 592 3816; x_wconf 87' lang='lat' dir='ltr'>Critiae</span> <span class='ocrx_word' id='word_1_234' title='bbox 614 3751 726 3816; x_wconf 90' lang='lat' dir='ltr'>stilum</span> <span class='ocrx_word' id='word_1_235' title='bbox 750 3753 859 3816; x_wconf 91' lang='lat' dir='ltr'>dedita</span> <span class='ocrx_word' id='word_1_236' title='bbox 882 3774 977 3836; x_wconf 87' lang='lat' dir='ltr'>opera</span> <span class='ocrx_word' id='word_1_237' title='bbox 999 3759 1214 3836; x_wconf 75' lang='lat' dir='ltr'>percensetz¹²</span> <span class='ocrx_word' id='word_1_238' title='bbox 1237 3754 1383 3819; x_wconf 86' lang='lat' dir='ltr'>Galenus</span> 
     </span>
     <span class='ocr_line' id='line_1_33' title="bbox 227 3855 1383 3939; baseline 0.001 -20"><span class='ocrx_word' id='word_1_239' title='bbox 227 3857 436 3939; x_wconf 78' lang='lat' dir='ltr'>Aptorismos,</span> <span class='ocrx_word' id='word_1_240' title='bbox 452 3855 620 3933; x_wconf 83' lang='lat' dir='ltr'>Homr&#39;lias,</span> <span class='ocrx_word' id='word_1_241' title='bbox 636 3856 756 3920; x_wconf 90' lang='lat' dir='ltr'>librum</span> <span class='ocrx_word' id='word_1_242' title='bbox 771 3856 818 3920; x_wconf 82' lang='lat' dir='ltr'>Dc</span> <span class='ocrx_word' id='word_1_243' title='bbox 835 3865 961 3920; x_wconf 53' lang='lat' dir='ltr'>&#39;acturo</span> <span class='ocrx_word' id='word_1_244' title='bbox 983 3860 1098 3922; x_wconf 81' lang='lat' dir='ltr'>amoris</span> <span class='ocrx_word' id='word_1_245' title='bbox 1121 3861 1383 3922; x_wconf 71' lang='lat' dir='ltr'>commemorat.¹²</span> 
     </span>
     <span class='ocr_line' id='line_1_34' title="bbox 230 3959 930 4044; baseline 0 -21"><span class='ocrx_word' id='word_1_246' title='bbox 230 3959 433 4024; x_wconf 88' lang='lat' dir='ltr'>Herodianus</span> <span class='ocrx_word' id='word_1_247' title='bbox 449 3982 576 4044; x_wconf 89' lang='lat' dir='ltr'>quoque</span> <span class='ocrx_word' id='word_1_248' title='bbox 592 3960 752 4044; x_wconf 89' lang='lat' dir='ltr'>colloquia</span> <span class='ocrx_word' id='word_1_249' title='bbox 767 3960 930 4044; x_wconf 80' lang='lat' dir='ltr'>respicit¹4</span> 
     </span>
    </p>
   </div>
   <div class='ocr_carea' id='block_1_3' title="bbox 231 4085 1387 4688">
    <p class='ocr_par' dir='ltr' id='par_1_4' title="bbox 265 4085 558 4158">
     <span class='ocr_line' id='line_1_35' title="bbox 265 4085 558 4158; baseline 0.007 -18"><span class='ocrx_word' id='word_1_250' title='bbox 265 4085 272 4113; x_wconf 92' lang='lat'>¹</span> <span class='ocrx_word' id='word_1_251' title='bbox 289 4088 357 4147; x_wconf 78' lang='lat' dir='ltr'>Test.</span> <span class='ocrx_word' id='word_1_252' title='bbox 371 4088 435 4142; x_wconf 81' lang='lat' dir='ltr'>Aut.</span> <span class='ocrx_word' id='word_1_253' title='bbox 450 4090 481 4142; x_wconf 92' lang='lat' dir='ltr'>V.</span> <span class='ocrx_word' id='word_1_254' title='bbox 495 4093 520 4158; x_wconf 86' lang='grc'>3,</span> <span class='ocrx_word' id='word_1_255' title='bbox 534 4092 558 4142; x_wconf 85' lang='grc'>4.</span> 
     </span>
    </p>

    <p class='ocr_par' dir='ltr' id='par_1_5' title="bbox 231 4175 1387 4333">
     <span class='ocr_line' id='line_1_36' title="bbox 265 4175 1387 4244; baseline 0.004 -16"><span class='ocrx_word' id='word_1_256' title='bbox 265 4175 326 4229; x_wconf 85' lang='lat' dir='ltr'>²De</span> <span class='ocrx_word' id='word_1_257' title='bbox 348 4176 459 4228; x_wconf 88' lang='lat' dir='ltr'>Canonis</span> <span class='ocrx_word' id='word_1_258' title='bbox 481 4176 585 4244; x_wconf 88' lang='lat' dir='ltr'>Origine</span> <span class='ocrx_word' id='word_1_259' title='bbox 607 4176 657 4229; x_wconf 88' lang='lat' dir='ltr'>vid.</span> <span class='ocrx_word' id='word_1_260' title='bbox 679 4176 815 4244; x_wconf 81' lang='lat' dir='ltr'>Susamihl,</span> <span class='ocrx_word' id='word_1_261' title='bbox 838 4175 1003 4231; x_wconf 74' lang='lat' dir='ltr'>Grircda&#39;rclm</span> <span class='ocrx_word' id='word_1_262' title='bbox 1023 4176 1162 4232; x_wconf 81' lang='lat' dir='ltr'>Literatur</span> <span class='ocrx_word' id='word_1_263' title='bbox 1183 4177 1214 4232; x_wconf 81' lang='lat' dir='ltr'>iu</span> <span class='ocrx_word' id='word_1_264' title='bbox 1234 4176 1281 4232; x_wconf 70' lang='lat' dir='ltr'>dar</span> <span class='ocrx_word' id='word_1_265' title='bbox 1300 4177 1387 4233; x_wconf 74' lang='lat' dir='ltr'>Alex-</span> 
     </span>
     <span class='ocr_line' id='line_1_37' title="bbox 231 4263 616 4333; baseline 0.013 -17"><span class='ocrx_word' id='word_1_266' title='bbox 231 4263 415 4332; x_wconf 76' lang='lat' dir='ltr'>arrdriaerzeit,</span> <span class='ocrx_word' id='word_1_267' title='bbox 429 4263 466 4318; x_wconf 92' lang='grc' dir='ltr'>ΙΙ,</span> <span class='ocrx_word' id='word_1_268' title='bbox 482 4269 542 4333; x_wconf 78' lang='grc'><strong>485,</strong></span> <span class='ocrx_word' id='word_1_269' title='bbox 555 4268 616 4321; x_wconf 83' lang='grc'><strong>694.</strong></span> 
     </span>
    </p>

    <p class='ocr_par' dir='ltr' id='par_1_6' title="bbox 265 4349 1320 4419">
     <span class='ocr_line' id='line_1_38' title="bbox 265 4349 1320 4419; baseline 0.004 -17"><span class='ocrx_word' id='word_1_270' title='bbox 265 4349 274 4376; x_wconf 81' lang='lat'>³</span> <span class='ocrx_word' id='word_1_271' title='bbox 289 4350 355 4404; x_wconf 77' lang='lat' dir='ltr'>Teat.</span> <span class='ocrx_word' id='word_1_272' title='bbox 370 4350 444 4419; x_wconf 73' lang='lat' dir='ltr'>Aret,</span> <span class='ocrx_word' id='word_1_273' title='bbox 459 4350 495 4408; x_wconf 91' lang='lat' dir='ltr'>II.</span> <span class='ocrx_word' id='word_1_274' title='bbox 510 4355 535 4406; x_wconf 87' lang='grc'>3.</span> <span class='ocrx_word' id='word_1_275' title='bbox 679 4352 745 4405; x_wconf 64' lang='grc' dir='ltr'>*Εἰῑ</span> <span class='ocrx_word' id='word_1_276' title='bbox 760 4356 784 4409; x_wconf 75' lang='lat' dir='ltr'>A</span> <span class='ocrx_word' id='word_1_277' title='bbox 928 4353 994 4410; x_wconf 76' lang='lat' dir='ltr'>⁵Fr.</span> <span class='ocrx_word' id='word_1_278' title='bbox 1011 4356 1051 4409; x_wconf 85' lang='lat' dir='ltr'>ll.</span> <span class='ocrx_word' id='word_1_279' title='bbox 1197 4353 1263 4410; x_wconf 77' lang='lat' dir='ltr'>⁶Fr.</span> <span class='ocrx_word' id='word_1_280' title='bbox 1279 4355 1320 4408; x_wconf 83' lang='lat'>17.</span> 
     </span>
    </p>

    <p class='ocr_par' dir='ltr' id='par_1_7' title="bbox 265 4437 1347 4509">
     <span class='ocr_line' id='line_1_39' title="bbox 265 4437 1347 4509; baseline 0.005 -19"><span class='ocrx_word' id='word_1_281' title='bbox 265 4441 275 4473; x_wconf 88' lang='lat'><strong><em>⁷</em></strong></span> <span class='ocrx_word' id='word_1_282' title='bbox 291 4437 357 4492; x_wconf 76' lang='lat' dir='ltr'>Test.</span> <span class='ocrx_word' id='word_1_283' title='bbox 372 4439 446 4507; x_wconf 77' lang='lat' dir='ltr'>Act,</span> <span class='ocrx_word' id='word_1_284' title='bbox 459 4439 490 4495; x_wconf 88' lang='lat' dir='ltr'>V.</span> <span class='ocrx_word' id='word_1_285' title='bbox 504 4443 537 4503; x_wconf 87' lang='lat'>9;</span> <span class='ocrx_word' id='word_1_286' title='bbox 550 4440 582 4492; x_wconf 86' lang='lat' dir='ltr'>ol.</span> <span class='ocrx_word' id='word_1_287' title='bbox 596 4439 709 4508; x_wconf 84' lang='lat' dir='ltr'>Schmid‚</span> <span class='ocrx_word' id='word_1_288' title='bbox 723 4438 890 4509; x_wconf 66' lang='lat' dir='ltr'>Atticarum,</span> <span class='ocrx_word' id='word_1_289' title='bbox 904 4440 925 4494; x_wconf 95' lang='lat' dir='ltr'>I.</span> <span class='ocrx_word' id='word_1_290' title='bbox 940 4444 999 4495; x_wconf 76' lang='lat'>204.</span> <span class='ocrx_word' id='word_1_291' title='bbox 1072 4446 1083 4479; x_wconf 83' lang='lat'>⁸</span> <span class='ocrx_word' id='word_1_292' title='bbox 1098 4439 1165 4494; x_wconf 77' lang='lat' dir='ltr'>Teat.</span> <span class='ocrx_word' id='word_1_293' title='bbox 1178 4441 1243 4495; x_wconf 76' lang='lat' dir='ltr'>Aet.</span> <span class='ocrx_word' id='word_1_294' title='bbox 1258 4441 1289 4496; x_wconf 89' lang='lat' dir='ltr'>V.</span> <span class='ocrx_word' id='word_1_295' title='bbox 1304 4446 1347 4497; x_wconf 90' lang='lat'>10.</span> 
     </span>
    </p>

    <p class='ocr_par' dir='ltr' id='par_1_8' title="bbox 265 4526 1346 4600">
     <span class='ocr_line' id='line_1_40' title="bbox 265 4526 1346 4600; baseline 0.005 -21"><span class='ocrx_word' id='word_1_296' title='bbox 265 4527 275 4557; x_wconf 80' lang='lat'>⁰</span> <span class='ocrx_word' id='word_1_297' title='bbox 291 4527 356 4584; x_wconf 74' lang='lat' dir='ltr'>Test.</span> <span class='ocrx_word' id='word_1_298' title='bbox 372 4528 436 4581; x_wconf 82' lang='lat' dir='ltr'>Aut.</span> <span class='ocrx_word' id='word_1_299' title='bbox 451 4527 481 4582; x_wconf 93' lang='lat' dir='ltr'>V.</span> <span class='ocrx_word' id='word_1_300' title='bbox 497 4528 519 4583; x_wconf 80' lang='lat'>7.</span> <span class='ocrx_word' id='word_1_301' title='bbox 594 4528 616 4560; x_wconf 82' lang='lat'>¹⁰</span> <span class='ocrx_word' id='word_1_302' title='bbox 628 4528 671 4581; x_wconf 79' lang='lat' dir='ltr'>Fr.</span> <span class='ocrx_word' id='word_1_303' title='bbox 687 4531 781 4583; x_wconf 87' lang='grc'><strong>18-40.</strong></span> <span class='ocrx_word' id='word_1_304' title='bbox 855 4526 874 4559; x_wconf 87' lang='lat'>¹¹</span> <span class='ocrx_word' id='word_1_305' title='bbox 889 4529 1031 4599; x_wconf 81' lang='lat' dir='ltr'>Hephaert</span> <span class='ocrx_word' id='word_1_306' title='bbox 1052 4529 1099 4583; x_wconf 86' lang='lat' dir='ltr'>Ed.</span> <span class='ocrx_word' id='word_1_307' title='bbox 1114 4529 1257 4600; x_wconf 67' lang='lat' dir='ltr'>westplua</span> <span class='ocrx_word' id='word_1_308' title='bbox 1272 4531 1287 4600; x_wconf 60' lang='grc' dir='ltr'>ἕ</span> <span class='ocrx_word' id='word_1_309' title='bbox 1302 4534 1346 4584; x_wconf 79' lang='grc'>20.</span> 
     </span>
    </p>

    <p class='ocr_par' dir='ltr' id='par_1_9' title="bbox 266 4612 1346 4688">
     <span class='ocr_line' id='line_1_41' title="bbox 266 4612 1346 4688; baseline 0.006 -20"><span class='ocrx_word' id='word_1_310' title='bbox 266 4612 284 4641; x_wconf 80' lang='lat'>¹²</span> <span class='ocrx_word' id='word_1_311' title='bbox 296 4615 364 4672; x_wconf 75' lang='lat' dir='ltr'>Teat.</span> <span class='ocrx_word' id='word_1_312' title='bbox 375 4616 440 4670; x_wconf 80' lang='lat' dir='ltr'>Aut.</span> <span class='ocrx_word' id='word_1_313' title='bbox 449 4616 480 4670; x_wconf 94' lang='lat' dir='ltr'>V.</span> <span class='ocrx_word' id='word_1_314' title='bbox 494 4620 520 4672; x_wconf 81' lang='lat'>5.</span> <span class='ocrx_word' id='word_1_315' title='bbox 595 4612 613 4640; x_wconf 84' lang='lat'>¹³</span> <span class='ocrx_word' id='word_1_316' title='bbox 622 4617 665 4674; x_wconf 80' lang='lat' dir='ltr'>Fr.</span> <span class='ocrx_word' id='word_1_317' title='bbox 677 4621 701 4686; x_wconf 86' lang='lat'>8,</span> <span class='ocrx_word' id='word_1_318' title='bbox 715 4621 756 4687; x_wconf 82' lang='lat' dir='ltr'>lt,</span> <span class='ocrx_word' id='word_1_319' title='bbox 768 4622 808 4674; x_wconf 87' lang='lat'>16.</span> <span class='ocrx_word' id='word_1_320' title='bbox 883 4617 901 4646; x_wconf 83' lang='lat'>¹⁴</span> <span class='ocrx_word' id='word_1_321' title='bbox 915 4617 1055 4688; x_wconf 84' lang='lat' dir='ltr'>Herodian,</span> <span class='ocrx_word' id='word_1_322' title='bbox 1068 4617 1116 4671; x_wconf 83' lang='lat' dir='ltr'>Ed.</span> <span class='ocrx_word' id='word_1_323' title='bbox 1131 4617 1221 4687; x_wconf 82' lang='lat' dir='ltr'>Lenta,</span> <span class='ocrx_word' id='word_1_324' title='bbox 1232 4617 1268 4674; x_wconf 89' lang='lat'>11.</span> <span class='ocrx_word' id='word_1_325' title='bbox 1283 4623 1346 4674; x_wconf 74' lang='lat'>946.</span> 
     </span>
    </p>
   </div>
   <div class='ocr_carea' id='block_1_4' title="bbox 0 0 1531 5058">
    <p class='ocr_par' dir='ltr' id='par_1_10' title="bbox 0 0 1531 5058">
     <span class='ocr_line' id='line_1_42' title="bbox 0 0 1531 5058; baseline 0 0"><span class='ocrx_word' id='word_1_326' title='bbox 0 0 1531 5058; x_wconf 95' lang='lat' dir='ltr'> </span> 
     </span>
    </p>
   </div>
  </div>
 </body>
</html>
