3018 5058
10 645 27 752 'r

683 433 724 498 37

128 611 504 695 personae—domimus,
527 607 894 692 &denudatae-sequitur
916 607 1013 671 verba
1036 628 1054 671 e
1078 606 1202 689 dialogo
1225 605 1279 668 de·

125 722 274 800 prompta
303 736 388 780 esse:
424 715 509 798 quod
539 713 635 777 titulo
670 713 910 776 Homiltis—ie.
940 709 1275 794 Colloquiis-optime

129 819 287 883 convenit.
333 819 434 901 Cujus
449 818 496 882 rei
512 818 684 901 vestigium
700 816 785 900 apud
801 814 1023 898 Phrynichum
1039 834 1165 899 quoqne
1181 814 1280 876 latere

129 923 277 986 videtur.¹
323 923 386 987 Hie
402 922 489 986 enim
513 922 646 986 Critiam
663 923 703 985 ab
719 920 894 983 oratoribus
910 920 1058 1003 sejungit,
1075 918 1280 1000 mediumque

129 1027 215 1090 inter
229 1027 458 1091 Antisthenem
474 1031 507 1090 et
519 1026 712 1090 Aeschinem
730 1024 925 1089 Socraticum
938 1029 1173 1099 commemorat,
1185 1023 1231 1085 ita
1243 1029 1280 1085 ut

131 1132 209 1195 satis
226 1133 268 1195 sit
290 1131 462 1214 probabile,
478 1130 635 1214 quaedam
653 1129 772 1194 Critiae
787 1129 914 1212 scripta,
931 1128 1101 1192 Aeschinis
1118 1134 1150 1192 et
1166 1127 1276 1191 Antis-

131 1235 238 1299 thenis
255 1235 388 1319 dialogis
403 1255 562 1319 germana,
578 1234 700 1300 scilicet
723 1234 883 1297 Homilics
898 1253 977 1316 quas
993 1253 1079 1296 nnnc
1096 1237 1278 1308 tractamus,

131 1339 317 1422 Phrynicho
334 1340 500 1403 obversata
516 1359 591 1403 esse.

175 1444 275 1528 Apud
297 1444 529 1508 Philostratum
545 1464 679 1527 quoque,
695 1443 731 1505 ni
750 1442 851 1520 fallor,
868 1442 1008 1525 ejusdem
1027 1440 1130 1524 operis
1147 1440 1281 1524 vestigia

132 1568 302 1630 agnoscere
333 1548 415 1612 lieet.
474 1549 559 1611 Nam
585 1549 620 1611 in
652 1547 870 1634 Sophistarum
904 1547 988 1610 Vitis
1015 1546 1092 1609 haec
1123 1546 1280 1629 legimus:

132 1652 312 1736 μετέβαλον
336 1651 362 1718 δ’
379 1653 418 1718 ἂν
435 1653 490 1736 (sc.
508 1652 688 1736 Θεσσαλοί)
704 1655 754 1716 καὶ
780 1654 812 1726 ἐς
835 1653 871 1716 τὸ
895 1651 1067 1738 repertricem,
1086 1649 1111 1716 si
1134 1675 1200 1715 τινα
1225 1660 1281 1726 τῆς

133 1758 245 1821 ἑαυτοῦ
271 1760 391 1843 σοφίας
414 1753 563 1830 ἐπίδειξιν
584 1760 603 1821 ὁ
630 1759 763 1842 Κριτίας
785 1757 859 1841 παρ’
883 1756 994 1830 αὐτοῖς
1018 1757 1157 1820 ἐποιεῖτο.
1205 1758 1223 1820 ὁ
1249 1752 1281 1820 δὲ

131 1857 240 1940 ἠμέλει
262 1865 322 1941 μὲν
337 1863 459 1936 τοῦτον,
474 1859 654 1946 βαρυτέρας
671 1857 697 1925 δ’
713 1857 821 1934 αὐτοῖς
844 1862 977 1925 ἐποιεῖτο
994 1861 1050 1934 τὰς
1075 1859 1284 1947 ὀλιγαρχίας,

134 1961 366 2048 διαλεγόμενος
392 1973 460 2040 τοῖς
487 1967 547 2030 ἐκεῖ
573 1961 731 2040 δυνατοῖς,
757 1961 807 2028 καὶ
835 1964 1074 2046 καθαπτόμενος
1099 1968 1158 2044 μὲν
1186 1960 1284 2043 δημο-

134 2072 264 2154 κρατίας
280 2068 416 2145 ἁπάσης,
429 2065 622 2154 διαβάλλων
638 2065 665 2133 δ’
681 2067 876 2143 Ἀθηναίους
892 2068 937 2142 ὡς
952 2072 1085 2133 πλεῖστα
1103 2065 1284 2154 ἆνθρώπων

134 2172 384 2259 ἁμαρτάνοντας.
439 2173 589 2236 Ceterum
627 2192 668 2235 ne
703 2172 775 2255 quis
813 2171 1061 2253 Xenophontis⁹
1095 2171 1283 2234 auctoritate

135 2277 241 2352 nixus,
258 2277 438 2359 suspicetur
461 2276 655 2340 Philostrato
672 2275 750 2339 hacc
771 2276 913 2337 narranti
933 2275 1028 2337 fidem
1045 2274 1282 2338 detrectandam

134 2401 212 2454 esse,
225 2401 327 2462 pauca
339 2380 378 2444 de
390 2380 484 2444 rebus
496 2401 514 2443 a
528 2380 629 2443 Critia
644 2380 676 2442 in
695 2377 858 2442 Thessalia
874 2379 971 2462 gestis
984 2378 1135 2442 disserere
1148 2384 1279 2462 oportet.

180 2483 241 2548 Ille
272 2485 482 2548 Penestarum
512 2484 672 2547 tumultus
711 2503 730 2545 a
767 2483 982 2566 Xenophonte
1020 2488 1284 2546 commemoratus

134 2589 275 2652 maxime
291 2589 446 2653 Aleuadis
462 2588 580 2664 nocuit,
596 2608 732 2670 quorum
756 2587 912 2670 princeps,
928 2587 1123 2671 Aristippus,
1138 2587 1285 2669 quamvis

131 2715 152 2757 a
180 2693 263 2775 Cyro
290 2698 322 2757 et
346 2692 446 2776 copiis
473 2700 506 2756 et
530 2692 676 2775 pecuniis
703 2691 842 2774 adjutus,
865 2691 994 2754 tandem
1022 2696 1190 2774 superatus
1217 2695 1286 2755 est³

133 2797 208 2873 Quo
220 2796 404 2861 discrimine
421 2797 588 2880 Lycophro
603 2796 660 2859 ille
680 2796 841 2858 Pheraeos
855 2816 919 2857 non
935 2795 1037 2858 otium
1054 2815 1145 2879 agere
1161 2794 1286 2858 debuit:

132 2921 213 2964 narn
250 2921 335 2963 anno
372 2901 437 2964 404
474 2922 500 2964 a.
533 2900 605 2964 Chr.
637 2919 796 2963 summam
834 2904 1025 2981 potestatem
1063 2898 1221 2982 captabat,
1252 2907 1285 2962 et

131 3003 403 3068 Larissaeos-a'a.
427 3004 588 3086 Aristippi
618 3010 651 3067 et
681 2997 899 3067 Aleuadarum
930 3003 1286 3067 factionem-devicit.⁴

132 3108 234 3172 Unde
261 3109 298 3171 lit
324 3107 499 3172 verisimile
529 3108 771 3191 Lycophronem
803 3107 1013 3170 Penestarum
1040 3106 1218 3171 defectione
1245 3107 1285 3170 ad

130 3212 278 3296 regimen
312 3212 531 3276 Aleuadarum
569 3210 777 3275 evertendum
815 3217 1070 3295 potestatemque
1101 3232 1191 3275 suam
1222 3217 1286 3274 sta·

130 3315 313 3380 biliendam
347 3336 441 3379 usum
478 3335 553 3379 esse.
614 3315 728 3398 Itaque
768 3314 952 3397 compositis
991 3314 1215 3398 Xenophontis
1254 3321 1287 3378 et

132 3419 325 3483 Philostrati
363 3419 556 3482 testimoniis
591 3419 694 3482 lacere
724 3437 789 3480 non
818 3438 958 3501 possum,
986 3419 1066 3502 quin
1097 3419 1288 3492 existimem,

133 3525 272 3590 Critian]
297 3524 378 3587 intio
402 3545 465 3587 una
489 3544 561 3587 cum
588 3522 780 3586 Prometheo
803 3523 949 3587 Penestis
973 3522 1155 3606 praefuisse,
1171 3523 1286 3587 deinde

132 3650 155 3692 a
181 3629 398 3711 Lycophrona,
421 3627 481 3690 hac
505 3617 692 3700 defectione,
718 3625 757 3688 ad
789 3646 948 3688 summam
976 3631 1167 3709 potestatem
1194 3647 1286 3690 occu·

131 3733 276 3818 pandam
294 3732 408 3808 utenti,
424 3732 558 3796 stetisse.
605 3731 706 3794 Locus
729 3730 815 3793 enirn
831 3736 967 3813 uterque
987 3729 1063 3794 huic
1086 3730 1285 3812 conjecturae

130 3839 232 3902 favet.

182 3941 268 4004 Nam
279 3941 437 4025 imprimis
453 3940 487 4003 in
501 3941 651 4005 memoria
666 3941 842 4006 tenendum
855 3945 904 4004 est
924 3939 1170 4022 Xenophontem
1180 3940 1284 4015 verba,

131 4065 220 4130 quae
255 4065 344 4108 nunc
377 4049 561 4120 tractamus,
588 4046 785 4122 Therameni,
811 4045 987 4110 orationem
1015 4051 1125 4108 contra
1152 4043 1285 4107 Critiam

130 4149 279 4225 habenti,
289 4149 502 4232 supposuisse.
549 4150 611 4214 Sed
626 4171 700 4214 cum
711 4151 925 4213 Theramenes
938 4148 1020 4211 nihil
1036 4147 1099 4212 nisi
1114 4147 1286 4211 adversarii

131 4253 327 4339 objurgandi
349 4254 547 4318 occasionem
563 4261 702 4337 quaerat,
718 4255 822 4317 minor
837 4261 886 4318 est
901 4253 998 4336 hujus
1022 4253 1083 4316 loci
1105 4251 1286 4326 auctoritas,

132 4379 233 4443 quam
262 4358 365 4441 ipsius
392 4357 616 4441 Xenophontis
642 4357 800 4421 historiae.
847 4358 933 4434 Quid
961 4357 1059 4440 igitur
1087 4355 1166 4431 miri,
1189 4356 1215 4419 si
1239 4355 1286 4419 rei

209 4519 216 4547 ¹
233 4514 300 4569 Test.
314 4515 377 4569 Ant.
393 4515 423 4572 V,
439 4518 479 4572 10.
836 4514 926 4573 ’Test
941 4514 1005 4570 Ant.
1020 4513 1057 4571 11.
1071 4517 1096 4582 8,
1111 4515 1151 4568 13.

210 4602 270 4660 ’ct
287 4600 355 4657 Test.
368 4602 431 4657 Aut.
447 4602 484 4656 II.
499 4605 575 4657 7-11.
835 4602 846 4634 ⁴
861 4601 927 4659 Test.
941 4603 1004 4657 Ant.
1019 4601 1056 4656 II.
1073 4604 1112 4658 la
