<?xml version="1.0" encoding="UTF-8"?>
<!DOCTYPE html PUBLIC "-//W3C//DTD XHTML 1.0 Transitional//EN"
    "http://www.w3.org/TR/xhtml1/DTD/xhtml1-transitional.dtd">
<html xmlns="http://www.w3.org/1999/xhtml" xml:lang="en" lang="en">
 <head>
  <title>
</title>
<meta http-equiv="Content-Type" content="text/html;charset=utf-8" />
  <meta name='ocr-system' content='tesseract 3.04.00' />
  <meta name='ocr-capabilities' content='ocr_page ocr_carea ocr_par ocr_line ocrx_word'/>
</head>
<body>
  <div class='ocr_page' id='page_1' title='image "./decritiaeoperib00patrgoog_0033.png"; bbox 0 0 3018 5058; ppageno 0'>
   <div class='ocr_carea' id='block_1_1' title="bbox 771 413 812 474">
    <p class='ocr_par' dir='ltr' id='par_1_1' title="bbox 771 413 812 474">
     <span class='ocr_line' id='line_1_1' title="bbox 771 413 812 474; baseline 0.024 -1"><span class='ocrx_word' id='word_1_1' title='bbox 771 413 812 474; x_wconf 88' lang='grc'>22</span> 
     </span>
    </p>
   </div>
   <div class='ocr_carea' id='block_1_2' title="bbox 220 583 1468 3272">
    <p class='ocr_par' dir='ltr' id='par_1_2' title="bbox 220 583 1468 3272">
     <span class='ocr_line' id='line_1_2' title="bbox 221 583 1363 672; baseline -0.006 -19"><span class='ocrx_word' id='word_1_2' title='bbox 221 597 316 672; x_wconf 91' lang='lat' dir='ltr'>atque</span> <span class='ocrx_word' id='word_1_3' title='bbox 332 609 403 652; x_wconf 93' lang='lat' dir='ltr'>cum</span> <span class='ocrx_word' id='word_1_4' title='bbox 422 587 556 650; x_wconf 88' lang='lat' dir='ltr'>Prodico</span> <span class='ocrx_word' id='word_1_5' title='bbox 571 586 627 649; x_wconf 95' lang='lat' dir='ltr'>illo</span> <span class='ocrx_word' id='word_1_6' title='bbox 644 583 879 669; x_wconf 88' lang='lat' dir='ltr'>componitur:1</span> <span class='ocrx_word' id='word_1_7' title='bbox 902 585 986 649; x_wconf 92' lang='lat' dir='ltr'>idem</span> <span class='ocrx_word' id='word_1_8' title='bbox 1004 585 1037 647; x_wconf 90' lang='lat' dir='ltr'>in</span> <span class='ocrx_word' id='word_1_9' title='bbox 1055 587 1228 667; x_wconf 79' lang='lat' dir='ltr'>Prolapora</span> <span class='ocrx_word' id='word_1_10' title='bbox 1243 585 1363 648; x_wconf 84' lang='lat' dir='ltr'>Alcibi-</span> 
     </span>
     <span class='ocr_line' id='line_1_3' title="bbox 220 689 1364 775; baseline -0.004 -20"><span class='ocrx_word' id='word_1_11' title='bbox 220 693 312 756; x_wconf 89' lang='lat' dir='ltr'>adem</span> <span class='ocrx_word' id='word_1_12' title='bbox 340 691 553 775; x_wconf 79' lang='lat' dir='ltr'>reprehendit,</span> <span class='ocrx_word' id='word_1_13' title='bbox 580 691 665 773; x_wconf 94' lang='lat' dir='ltr'>quod</span> <span class='ocrx_word' id='word_1_14' title='bbox 692 691 815 753; x_wconf 83' lang='lat' dir='ltr'>Socrati</span> <span class='ocrx_word' id='word_1_15' title='bbox 842 689 939 752; x_wconf 91' lang='lat' dir='ltr'>nimis</span> <span class='ocrx_word' id='word_1_16' title='bbox 967 689 1092 751; x_wconf 77' lang='lat' dir='ltr'>faveat²</span> <span class='ocrx_word' id='word_1_17' title='bbox 1120 698 1152 752; x_wconf 90' lang='lat' dir='ltr'>et</span> <span class='ocrx_word' id='word_1_18' title='bbox 1179 691 1211 750; x_wconf 91' lang='lat' dir='ltr'>in</span> <span class='ocrx_word' id='word_1_19' title='bbox 1245 689 1364 752; x_wconf 80' lang='lat' dir='ltr'>Timum</span> 
     </span>
     <span class='ocr_line' id='line_1_4' title="bbox 220 793 1363 879; baseline -0.004 -20"><span class='ocrx_word' id='word_1_20' title='bbox 220 818 320 879; x_wconf 91' lang='lat' dir='ltr'>aeque</span> <span class='ocrx_word' id='word_1_21' title='bbox 344 817 381 859; x_wconf 88' lang='lat' dir='ltr'>ac</span> <span class='ocrx_word' id='word_1_22' title='bbox 403 797 551 858; x_wconf 85' lang='lat' dir='ltr'>Timaeus</span> <span class='ocrx_word' id='word_1_23' title='bbox 575 801 608 858; x_wconf 94' lang='lat' dir='ltr'>et</span> <span class='ocrx_word' id='word_1_24' title='bbox 630 795 856 858; x_wconf 88' lang='lat' dir='ltr'>Hermocrates</span> <span class='ocrx_word' id='word_1_25' title='bbox 872 814 890 855; x_wconf 90' lang='lat' dir='ltr'>a</span> <span class='ocrx_word' id='word_1_26' title='bbox 907 793 1034 856; x_wconf 86' lang='lat' dir='ltr'>Socrate</span> <span class='ocrx_word' id='word_1_27' title='bbox 1050 793 1235 875; x_wconf 69' lang='lat' dir='ltr'>sejungitur.</span> <span class='ocrx_word' id='word_1_28' title='bbox 1282 793 1363 855; x_wconf 88' lang='lat' dir='ltr'>Nus-</span> 
     </span>
     <span class='ocr_line' id='line_1_5' title="bbox 221 897 1364 985; baseline -0.004 -21"><span class='ocrx_word' id='word_1_29' title='bbox 221 923 327 985; x_wconf 87' lang='lat' dir='ltr'><strong>quam,</strong></span> <span class='ocrx_word' id='word_1_30' title='bbox 344 907 380 963; x_wconf 92' lang='lat' dir='ltr'>ut</span> <span class='ocrx_word' id='word_1_31' title='bbox 395 901 492 963; x_wconf 89' lang='lat' dir='ltr'>verbo</span> <span class='ocrx_word' id='word_1_32' title='bbox 505 899 618 975; x_wconf 90' lang='lat' dir='ltr'>dicam,</span> <span class='ocrx_word' id='word_1_33' title='bbox 630 899 716 981; x_wconf 92' lang='lat' dir='ltr'>apud</span> <span class='ocrx_word' id='word_1_34' title='bbox 732 898 899 962; x_wconf 76' lang='lat' dir='ltr'>Platonem</span> <span class='ocrx_word' id='word_1_35' title='bbox 913 897 1089 961; x_wconf 86' lang='lat' dir='ltr'>sententias</span> <span class='ocrx_word' id='word_1_36' title='bbox 1102 917 1174 960; x_wconf 88' lang='lat' dir='ltr'>vere</span> <span class='ocrx_word' id='word_1_37' title='bbox 1192 897 1364 960; x_wconf 86' lang='lat' dir='ltr'>Socraticas</span> 
     </span>
     <span class='ocr_line' id='line_1_6' title="bbox 221 1000 1362 1089; baseline -0.004 -23"><span class='ocrx_word' id='word_1_38' title='bbox 221 1005 395 1089; x_wconf 88' lang='lat' dir='ltr'>profitetur.</span> <span class='ocrx_word' id='word_1_39' title='bbox 442 1004 530 1081; x_wconf 79' lang='lat' dir='ltr'>Quae</span> <span class='ocrx_word' id='word_1_40' title='bbox 554 1022 627 1066; x_wconf 92' lang='lat' dir='ltr'>cum</span> <span class='ocrx_word' id='word_1_41' title='bbox 651 1003 697 1065; x_wconf 88' lang='lat' dir='ltr'>ita</span> <span class='ocrx_word' id='word_1_42' title='bbox 713 1002 780 1065; x_wconf 89' lang='lat' dir='ltr'>sint</span> <span class='ocrx_word' id='word_1_43' title='bbox 801 1021 866 1064; x_wconf 91' lang='lat' dir='ltr'>non</span> <span class='ocrx_word' id='word_1_44' title='bbox 890 1001 958 1064; x_wconf 90' lang='lat' dir='ltr'>sine</span> <span class='ocrx_word' id='word_1_45' title='bbox 970 1001 1044 1083; x_wconf 89' lang='lat' dir='ltr'>jure</span> <span class='ocrx_word' id='word_1_46' title='bbox 1067 1009 1163 1084; x_wconf 85' lang='lat' dir='ltr'>negat</span> <span class='ocrx_word' id='word_1_47' title='bbox 1185 1000 1362 1082; x_wconf 90' lang='lat' dir='ltr'>Xenophon</span> 
     </span>
     <span class='ocr_line' id='line_1_7' title="bbox 222 1104 1362 1188; baseline -0.006 -16"><span class='ocrx_word' id='word_1_48' title='bbox 222 1109 354 1173; x_wconf 82' lang='lat' dir='ltr'>Critiam</span> <span class='ocrx_word' id='word_1_49' title='bbox 380 1106 488 1170; x_wconf 89' lang='lat' dir='ltr'>eadem</span> <span class='ocrx_word' id='word_1_50' title='bbox 512 1106 634 1170; x_wconf 89' lang='lat' dir='ltr'>ratione</span> <span class='ocrx_word' id='word_1_51' title='bbox 651 1127 687 1169; x_wconf 92' lang='lat' dir='ltr'>ac</span> <span class='ocrx_word' id='word_1_52' title='bbox 710 1105 985 1188; x_wconf 82' lang='lat' dir='ltr'>Chaerephontem</span> <span class='ocrx_word' id='word_1_53' title='bbox 1010 1105 1149 1168; x_wconf 85' lang='lat' dir='ltr'>Socratis</span> <span class='ocrx_word' id='word_1_54' title='bbox 1172 1104 1362 1187; x_wconf 90' lang='lat' dir='ltr'>discipulum</span> 
     </span>
     <span class='ocr_line' id='line_1_8' title="bbox 222 1209 1365 1292; baseline -0.005 -16"><span class='ocrx_word' id='word_1_55' title='bbox 222 1214 341 1276; x_wconf 82' lang='lat' dir='ltr'>fuisse.³</span> <span class='ocrx_word' id='word_1_56' title='bbox 390 1212 459 1275; x_wconf 89' lang='lat' dir='ltr'>Nec</span> <span class='ocrx_word' id='word_1_57' title='bbox 482 1211 614 1274; x_wconf 82' lang='lat' dir='ltr'>ambitio</span> <span class='ocrx_word' id='word_1_58' title='bbox 637 1211 702 1286; x_wconf 89' lang='lat' dir='ltr'>illa,</span> <span class='ocrx_word' id='word_1_59' title='bbox 726 1231 744 1273; x_wconf 89' lang='lat' dir='ltr'>a</span> <span class='ocrx_word' id='word_1_60' title='bbox 768 1209 983 1292; x_wconf 89' lang='lat' dir='ltr'>Xenophonte</span> <span class='ocrx_word' id='word_1_61' title='bbox 1008 1215 1126 1285; x_wconf 88' lang='lat' dir='ltr'>notata,</span> <span class='ocrx_word' id='word_1_62' title='bbox 1149 1229 1232 1292; x_wconf 90' lang='lat' dir='ltr'>quae</span> <span class='ocrx_word' id='word_1_63' title='bbox 1259 1215 1365 1291; x_wconf 87' lang='lat' dir='ltr'>postea</span> 
     </span>
     <span class='ocr_line' id='line_1_9' title="bbox 222 1313 1366 1398; baseline -0.006 -17"><span class='ocrx_word' id='word_1_64' title='bbox 222 1328 288 1381; x_wconf 88' lang='lat' dir='ltr'>tam</span> <span class='ocrx_word' id='word_1_65' title='bbox 304 1317 371 1380; x_wconf 90' lang='lat' dir='ltr'>dire</span> <span class='ocrx_word' id='word_1_66' title='bbox 387 1317 514 1392; x_wconf 83' lang='lat' dir='ltr'>exarsit,</span> <span class='ocrx_word' id='word_1_67' title='bbox 530 1337 549 1379; x_wconf 93' lang='lat' dir='ltr'>a</span> <span class='ocrx_word' id='word_1_68' title='bbox 564 1316 699 1379; x_wconf 88' lang='lat' dir='ltr'>Platone</span> <span class='ocrx_word' id='word_1_69' title='bbox 714 1313 926 1398; x_wconf 83' lang='lat' dir='ltr'>praeteritur3</span> <span class='ocrx_word' id='word_1_70' title='bbox 950 1334 1025 1376; x_wconf 90' lang='lat' dir='ltr'>nam</span> <span class='ocrx_word' id='word_1_71' title='bbox 1042 1314 1154 1390; x_wconf 90' lang='lat' dir='ltr'>ardori,</span> <span class='ocrx_word' id='word_1_72' title='bbox 1172 1334 1235 1396; x_wconf 91' lang='lat' dir='ltr'>quo</span> <span class='ocrx_word' id='word_1_73' title='bbox 1251 1313 1366 1396; x_wconf 91' lang='lat' dir='ltr'>placita</span> 
     </span>
     <span class='ocr_line' id='line_1_10' title="bbox 221 1417 1251 1500; baseline -0.003 -17"><span class='ocrx_word' id='word_1_74' title='bbox 221 1442 278 1484; x_wconf 88' lang='lat' dir='ltr'>sua</span> <span class='ocrx_word' id='word_1_75' title='bbox 295 1421 328 1482; x_wconf 91' lang='lat' dir='ltr'>in</span> <span class='ocrx_word' id='word_1_76' title='bbox 347 1420 519 1483; x_wconf 81' lang='lat' dir='ltr'>Oharmida</span> <span class='ocrx_word' id='word_1_77' title='bbox 535 1419 686 1495; x_wconf 81' lang='lat' dir='ltr'>defendit,</span> <span class='ocrx_word' id='word_1_78' title='bbox 702 1438 828 1482; x_wconf 88' lang='lat' dir='ltr'>summa</span> <span class='ocrx_word' id='word_1_79' title='bbox 844 1417 973 1480; x_wconf 89' lang='lat' dir='ltr'>honoris</span> <span class='ocrx_word' id='word_1_80' title='bbox 989 1417 1105 1500; x_wconf 90' lang='lat' dir='ltr'>cupido</span> <span class='ocrx_word' id='word_1_81' title='bbox 1121 1418 1251 1480; x_wconf 75' lang='lat' dir='ltr'>subest,⁴</span> 
     </span>
     <span class='ocr_line' id='line_1_11' title="bbox 267 1522 1367 1607; baseline -0.005 -19"><span class='ocrx_word' id='word_1_82' title='bbox 267 1527 381 1607; x_wconf 89' lang='lat' dir='ltr'>Itaque</span> <span class='ocrx_word' id='word_1_83' title='bbox 411 1531 543 1607; x_wconf 87' lang='lat' dir='ltr'>apparet</span> <span class='ocrx_word' id='word_1_84' title='bbox 575 1523 708 1587; x_wconf 80' lang='lat' dir='ltr'>Critiam</span> <span class='ocrx_word' id='word_1_85' title='bbox 735 1543 792 1606; x_wconf 91' lang='lat' dir='ltr'>per</span> <span class='ocrx_word' id='word_1_86' title='bbox 821 1523 957 1605; x_wconf 84' lang='lat' dir='ltr'>primam</span> <span class='ocrx_word' id='word_1_87' title='bbox 986 1522 1166 1604; x_wconf 88' lang='lat' dir='ltr'>juventutis</span> <span class='ocrx_word' id='word_1_88' title='bbox 1198 1522 1367 1585; x_wconf 85' lang='lat' dir='ltr'>stationem</span> 
     </span>
     <span class='ocr_line' id='line_1_12' title="bbox 222 1625 1368 1708; baseline -0.003 -16"><span class='ocrx_word' id='word_1_89' title='bbox 222 1631 256 1692; x_wconf 91' lang='lat' dir='ltr'>in</span> <span class='ocrx_word' id='word_1_90' title='bbox 273 1629 388 1694; x_wconf 87' lang='lat' dir='ltr'>intima</span> <span class='ocrx_word' id='word_1_91' title='bbox 405 1628 542 1691; x_wconf 85' lang='lat' dir='ltr'>Socratis</span> <span class='ocrx_word' id='word_1_92' title='bbox 555 1627 772 1690; x_wconf 85' lang='lat' dir='ltr'>familiaritate</span> <span class='ocrx_word' id='word_1_93' title='bbox 784 1631 955 1702; x_wconf 86' lang='lat' dir='ltr'>versatum,</span> <span class='ocrx_word' id='word_1_94' title='bbox 967 1625 1028 1689; x_wconf 91' lang='lat' dir='ltr'>etsi</span> <span class='ocrx_word' id='word_1_95' title='bbox 1044 1646 1210 1708; x_wconf 91' lang='lat' dir='ltr'>nunquam</span> <span class='ocrx_word' id='word_1_96' title='bbox 1226 1627 1261 1688; x_wconf 91' lang='lat' dir='ltr'>in</span> <span class='ocrx_word' id='word_1_97' title='bbox 1273 1626 1368 1689; x_wconf 88' lang='lat' dir='ltr'>verba</span> 
     </span>
     <span class='ocr_line' id='line_1_13' title="bbox 224 1730 1367 1816; baseline -0.003 -20"><span class='ocrx_word' id='word_1_98' title='bbox 224 1733 367 1816; x_wconf 84' lang='lat' dir='ltr'>magistri</span> <span class='ocrx_word' id='word_1_99' title='bbox 386 1733 540 1814; x_wconf 86' lang='lat' dir='ltr'>juratum,</span> <span class='ocrx_word' id='word_1_100' title='bbox 557 1733 626 1814; x_wconf 88' lang='lat' dir='ltr'>ejus</span> <span class='ocrx_word' id='word_1_101' title='bbox 642 1731 812 1813; x_wconf 88' lang='lat' dir='ltr'>disciplina</span> <span class='ocrx_word' id='word_1_102' title='bbox 835 1751 961 1794; x_wconf 89' lang='lat' dir='ltr'>summa</span> <span class='ocrx_word' id='word_1_103' title='bbox 983 1730 1150 1813; x_wconf 84' lang='lat' dir='ltr'>diligentia</span> <span class='ocrx_word' id='word_1_104' title='bbox 1166 1750 1260 1793; x_wconf 91' lang='lat' dir='ltr'>usum</span> <span class='ocrx_word' id='word_1_105' title='bbox 1285 1750 1367 1793; x_wconf 91' lang='lat' dir='ltr'>esse:</span> 
     </span>
     <span class='ocr_line' id='line_1_14' title="bbox 223 1833 1368 1921; baseline -0.003 -21"><span class='ocrx_word' id='word_1_106' title='bbox 223 1859 286 1921; x_wconf 93' lang='lat' dir='ltr'>quo</span> <span class='ocrx_word' id='word_1_107' title='bbox 310 1845 451 1920; x_wconf 88' lang='lat' dir='ltr'>tempore</span> <span class='ocrx_word' id='word_1_108' title='bbox 467 1856 526 1899; x_wconf 92' lang='lat' dir='ltr'>nec</span> <span class='ocrx_word' id='word_1_109' title='bbox 549 1834 699 1918; x_wconf 80' lang='lat' dir='ltr'>magister</span> <span class='ocrx_word' id='word_1_110' title='bbox 714 1855 773 1898; x_wconf 91' lang='lat' dir='ltr'>nec</span> <span class='ocrx_word' id='word_1_111' title='bbox 788 1835 965 1916; x_wconf 89' lang='lat' dir='ltr'>discipulus</span> <span class='ocrx_word' id='word_1_112' title='bbox 988 1835 1113 1898; x_wconf 89' lang='lat' dir='ltr'>tristem</span> <span class='ocrx_word' id='word_1_113' title='bbox 1130 1833 1368 1898; x_wconf 82' lang='lat' dir='ltr'>consuetudinis</span> 
     </span>
     <span class='ocr_line' id='line_1_15' title="bbox 223 1938 1369 2023; baseline -0.002 -19"><span class='ocrx_word' id='word_1_114' title='bbox 223 1944 320 2004; x_wconf 89' lang='lat' dir='ltr'>linem</span> <span class='ocrx_word' id='word_1_115' title='bbox 337 1939 502 2023; x_wconf 85' lang='lat' dir='ltr'>praevidit.</span> <span class='ocrx_word' id='word_1_116' title='bbox 537 1939 570 2001; x_wconf 90' lang='lat' dir='ltr'>N</span> <span class='ocrx_word' id='word_1_117' title='bbox 571 1959 621 2002; x_wconf 90' lang='lat' dir='ltr'>am</span> <span class='ocrx_word' id='word_1_118' title='bbox 638 1939 708 2021; x_wconf 89' lang='lat' dir='ltr'>ipso</span> <span class='ocrx_word' id='word_1_119' title='bbox 725 1938 939 2021; x_wconf 87' lang='lat' dir='ltr'>Xenophonte</span> <span class='ocrx_word' id='word_1_120' title='bbox 955 1943 1036 2002; x_wconf 88' lang='lat' dir='ltr'>teste</span> <span class='ocrx_word' id='word_1_121' title='bbox 1050 1938 1138 2013; x_wconf 89' lang='lat' dir='ltr'>vitia,</span> <span class='ocrx_word' id='word_1_122' title='bbox 1154 1959 1236 2021; x_wconf 88' lang='lat' dir='ltr'>quae</span> <span class='ocrx_word' id='word_1_123' title='bbox 1253 1939 1369 2002; x_wconf 83' lang='lat' dir='ltr'>Critiae</span> 
     </span>
     <span class='ocr_line' id='line_1_16' title="bbox 225 2043 1369 2126; baseline -0.001 -19"><span class='ocrx_word' id='word_1_124' title='bbox 225 2046 342 2109; x_wconf 87' lang='lat' dir='ltr'>famam</span> <span class='ocrx_word' id='word_1_125' title='bbox 358 2043 618 2126; x_wconf 90' lang='lat' dir='ltr'>inquinaverunt,</span> <span class='ocrx_word' id='word_1_126' title='bbox 635 2043 773 2107; x_wconf 85' lang='lat' dir='ltr'>Socratis</span> <span class='ocrx_word' id='word_1_127' title='bbox 789 2043 979 2107; x_wconf 89' lang='lat' dir='ltr'>auctoritate</span> <span class='ocrx_word' id='word_1_128' title='bbox 995 2048 1028 2107; x_wconf 89' lang='lat' dir='ltr'>et</span> <span class='ocrx_word' id='word_1_129' title='bbox 1051 2043 1198 2126; x_wconf 89' lang='lat' dir='ltr'>exemplo</span> <span class='ocrx_word' id='word_1_130' title='bbox 1213 2044 1369 2106; x_wconf 81' lang='lat' dir='ltr'>refrenata</span> 
     </span>
     <span class='ocr_line' id='line_1_17' title="bbox 224 2147 1371 2231; baseline -0.002 -19"><span class='ocrx_word' id='word_1_131' title='bbox 224 2157 302 2212; x_wconf 91' lang='lat' dir='ltr'>tuuc</span> <span class='ocrx_word' id='word_1_132' title='bbox 328 2147 480 2229; x_wconf 88' lang='lat' dir='ltr'>temporis</span> <span class='ocrx_word' id='word_1_133' title='bbox 507 2147 660 2210; x_wconf 87' lang='lat' dir='ltr'>latebant.</span> <span class='ocrx_word' id='word_1_134' title='bbox 704 2148 761 2210; x_wconf 89' lang='lat' dir='ltr'>Eis</span> <span class='ocrx_word' id='word_1_135' title='bbox 788 2148 920 2215; x_wconf 88' lang='lat' dir='ltr'>minime</span> <span class='ocrx_word' id='word_1_136' title='bbox 947 2148 1104 2211; x_wconf 86' lang='lat' dir='ltr'>assentior</span> <span class='ocrx_word' id='word_1_137' title='bbox 1126 2147 1244 2230; x_wconf 93' lang='lat' dir='ltr'>quibus</span> <span class='ocrx_word' id='word_1_138' title='bbox 1267 2147 1371 2231; x_wconf 90' lang='lat' dir='ltr'>placet</span> 
     </span>
     <span class='ocr_line' id='line_1_18' title="bbox 225 2249 1468 2338; baseline -0.001 -22"><span class='ocrx_word' id='word_1_139' title='bbox 225 2252 440 2316; x_wconf 86' lang='lat' dir='ltr'>narrationem</span> <span class='ocrx_word' id='word_1_140' title='bbox 464 2249 553 2313; x_wconf 92' lang='lat' dir='ltr'>illam</span> <span class='ocrx_word' id='word_1_141' title='bbox 577 2250 616 2314; x_wconf 91' lang='lat' dir='ltr'>de</span> <span class='ocrx_word' id='word_1_142' title='bbox 641 2250 769 2314; x_wconf 85' lang='lat' dir='ltr'>Socrate</span> <span class='ocrx_word' id='word_1_143' title='bbox 793 2271 811 2312; x_wconf 89' lang='lat' dir='ltr'>a</span> <span class='ocrx_word' id='word_1_144' title='bbox 833 2251 981 2333; x_wconf 89' lang='lat' dir='ltr'>tyrannis</span> <span class='ocrx_word' id='word_1_145' title='bbox 1004 2251 1175 2334; x_wconf 89' lang='lat' dir='ltr'>prohibito,</span> <span class='ocrx_word' id='word_1_146' title='bbox 1199 2252 1370 2335; x_wconf 88' lang='lat' dir='ltr'>quominus</span> <span class='ocrx_word' id='word_1_147' title='bbox 1464 2331 1468 2338; x_wconf 33' lang='grc' dir='ltr'>Ι</span> 
     </span>
     <span class='ocr_line' id='line_1_19' title="bbox 225 2353 1370 2438; baseline 0 -18"><span class='ocrx_word' id='word_1_148' title='bbox 225 2378 298 2420; x_wconf 91' lang='lat' dir='ltr'>cum</span> <span class='ocrx_word' id='word_1_149' title='bbox 312 2354 569 2418; x_wconf 85' lang='lat' dir='ltr'>adulescentibus</span> <span class='ocrx_word' id='word_1_150' title='bbox 582 2353 823 2437; x_wconf 89' lang='lat' dir='ltr'>colloqueretur,</span> <span class='ocrx_word' id='word_1_151' title='bbox 837 2354 1063 2419; x_wconf 90' lang='lat' dir='ltr'>documentum</span> <span class='ocrx_word' id='word_1_152' title='bbox 1078 2355 1236 2438; x_wconf 86' lang='lat' dir='ltr'>peculiare</span> <span class='ocrx_word' id='word_1_153' title='bbox 1254 2357 1370 2420; x_wconf 85' lang='lat' dir='ltr'>Critiae</span> 
     </span>
     <span class='ocr_line' id='line_1_20' title="bbox 225 2458 1370 2545; baseline 0 -21"><span class='ocrx_word' id='word_1_154' title='bbox 225 2459 397 2545; x_wconf 89' lang='lat' dir='ltr'>pravitatis</span> <span class='ocrx_word' id='word_1_155' title='bbox 415 2458 583 2540; x_wconf 76' lang='lat' dir='ltr'>praebere.l</span> <span class='ocrx_word' id='word_1_156' title='bbox 627 2459 711 2522; x_wconf 88' lang='lat' dir='ltr'>Nam</span> <span class='ocrx_word' id='word_1_157' title='bbox 730 2459 856 2524; x_wconf 90' lang='lat' dir='ltr'>etiamsi</span> <span class='ocrx_word' id='word_1_158' title='bbox 878 2460 913 2522; x_wconf 93' lang='lat' dir='ltr'>in</span> <span class='ocrx_word' id='word_1_159' title='bbox 936 2459 1076 2523; x_wconf 91' lang='lat' dir='ltr'>Krohnii</span> <span class='ocrx_word' id='word_1_160' title='bbox 1099 2459 1292 2524; x_wconf 91' lang='lat' dir='ltr'>sententiam</span> <span class='ocrx_word' id='word_1_161' title='bbox 1309 2482 1370 2524; x_wconf 90' lang='lat' dir='ltr'>uon</span> 
     </span>
     <span class='ocr_line' id='line_1_21' title="bbox 226 2562 1371 2647; baseline -0.001 -19"><span class='ocrx_word' id='word_1_162' title='bbox 226 2562 459 2638; x_wconf 88' lang='lat' dir='ltr'>descendimus,</span> <span class='ocrx_word' id='word_1_163' title='bbox 486 2562 695 2626; x_wconf 89' lang='lat' dir='ltr'>Duemmlero</span> <span class='ocrx_word' id='word_1_164' title='bbox 722 2563 778 2625; x_wconf 90' lang='lat' dir='ltr'>vix</span> <span class='ocrx_word' id='word_1_165' title='bbox 809 2564 986 2628; x_wconf 87' lang='lat' dir='ltr'>contradici</span> <span class='ocrx_word' id='word_1_166' title='bbox 1015 2569 1130 2647; x_wconf 89' lang='lat' dir='ltr'>potest,</span> <span class='ocrx_word' id='word_1_167' title='bbox 1156 2565 1371 2639; x_wconf 83' lang='lat' dir='ltr'>contendenti,</span> 
     </span>
     <span class='ocr_line' id='line_1_22' title="bbox 225 2666 1372 2750; baseline -0.002 -18"><span class='ocrx_word' id='word_1_168' title='bbox 225 2667 435 2742; x_wconf 89' lang='lat' dir='ltr'>haecomnia,</span> <span class='ocrx_word' id='word_1_169' title='bbox 452 2667 600 2749; x_wconf 90' lang='lat' dir='ltr'>quamvis</span> <span class='ocrx_word' id='word_1_170' title='bbox 623 2688 642 2729; x_wconf 89' lang='lat' dir='ltr'>a</span> <span class='ocrx_word' id='word_1_171' title='bbox 666 2666 880 2750; x_wconf 88' lang='lat' dir='ltr'>Xenophonte</span> <span class='ocrx_word' id='word_1_172' title='bbox 904 2668 986 2732; x_wconf 89' lang='lat' dir='ltr'>serio</span> <span class='ocrx_word' id='word_1_173' title='bbox 1010 2676 1144 2745; x_wconf 90' lang='lat' dir='ltr'>narrata,</span> <span class='ocrx_word' id='word_1_174' title='bbox 1159 2689 1193 2732; x_wconf 93' lang='lat' dir='ltr'>re</span> <span class='ocrx_word' id='word_1_175' title='bbox 1208 2689 1284 2732; x_wconf 87' lang='lat' dir='ltr'>vera</span> <span class='ocrx_word' id='word_1_176' title='bbox 1299 2690 1372 2733; x_wconf 85' lang='lat' dir='ltr'>cunr</span> 
     </span>
     <span class='ocr_line' id='line_1_23' title="bbox 226 2770 1372 2856; baseline 0 -20"><span class='ocrx_word' id='word_1_177' title='bbox 226 2770 406 2854; x_wconf 88' lang='lat' dir='ltr'>atyrannis</span> <span class='ocrx_word' id='word_1_178' title='bbox 430 2777 499 2834; x_wconf 87' lang='lat' dir='ltr'>tum</span> <span class='ocrx_word' id='word_1_179' title='bbox 524 2791 542 2833; x_wconf 89' lang='lat' dir='ltr'>a</span> <span class='ocrx_word' id='word_1_180' title='bbox 565 2770 694 2834; x_wconf 88' lang='lat' dir='ltr'>Socrate</span> <span class='ocrx_word' id='word_1_181' title='bbox 717 2771 858 2834; x_wconf 87' lang='lat' dir='ltr'>maxima</span> <span class='ocrx_word' id='word_1_182' title='bbox 881 2792 920 2835; x_wconf 89' lang='lat' dir='ltr'>ex</span> <span class='ocrx_word' id='word_1_183' title='bbox 943 2777 1034 2854; x_wconf 88' lang='lat' dir='ltr'>parte</span> <span class='ocrx_word' id='word_1_184' title='bbox 1057 2773 1264 2856; x_wconf 80' lang='lat' dir='ltr'>paritoriam</span> <span class='ocrx_word' id='word_1_185' title='bbox 1287 2773 1372 2837; x_wconf 91' lang='lat' dir='ltr'>dicta</span> 
     </span>
     <span class='ocr_line' id='line_1_24' title="bbox 226 2873 1372 2961; baseline 0 -21"><span class='ocrx_word' id='word_1_186' title='bbox 226 2897 302 2940; x_wconf 88' lang='lat' dir='ltr'>esse.</span> <span class='ocrx_word' id='word_1_187' title='bbox 349 2875 470 2952; x_wconf 79' lang='lat' dir='ltr'>Quodsi</span> <span class='ocrx_word' id='word_1_188' title='bbox 494 2873 612 2939; x_wconf 84' lang='lat' dir='ltr'>Critias</span> <span class='ocrx_word' id='word_1_189' title='bbox 634 2875 795 2939; x_wconf 84' lang='lat' dir='ltr'>Socratem</span> <span class='ocrx_word' id='word_1_190' title='bbox 818 2875 945 2952; x_wconf 87' lang='lat' dir='ltr'>odisset,</span> <span class='ocrx_word' id='word_1_191' title='bbox 960 2875 1050 2939; x_wconf 91' lang='lat' dir='ltr'>nullo</span> <span class='ocrx_word' id='word_1_192' title='bbox 1072 2876 1166 2939; x_wconf 91' lang='lat' dir='ltr'>modo</span> <span class='ocrx_word' id='word_1_193' title='bbox 1189 2877 1258 2940; x_wconf 87' lang='lat' dir='ltr'>fieri</span> <span class='ocrx_word' id='word_1_194' title='bbox 1280 2885 1372 2961; x_wconf 90' lang='lat' dir='ltr'>potu·</span> 
     </span>
     <span class='ocr_line' id='line_1_25' title="bbox 226 2980 1373 3064; baseline 0.003 -23"><span class='ocrx_word' id='word_1_195' title='bbox 226 2981 312 3056; x_wconf 84' lang='lat' dir='ltr'>isset,</span> <span class='ocrx_word' id='word_1_196' title='bbox 328 2985 365 3042; x_wconf 92' lang='lat' dir='ltr'>ut</span> <span class='ocrx_word' id='word_1_197' title='bbox 387 2980 440 3043; x_wconf 91' lang='lat' dir='ltr'>hic</span> <span class='ocrx_word' id='word_1_198' title='bbox 456 2999 514 3062; x_wconf 90' lang='lat' dir='ltr'>per</span> <span class='ocrx_word' id='word_1_199' title='bbox 529 2984 636 3042; x_wconf 90' lang='lat' dir='ltr'>totum</span> <span class='ocrx_word' id='word_1_200' title='bbox 652 2986 861 3062; x_wconf 90' lang='lat' dir='ltr'>tyrannorum</span> <span class='ocrx_word' id='word_1_201' title='bbox 885 2981 1025 3064; x_wconf 83' lang='lat' dir='ltr'>regimen</span> <span class='ocrx_word' id='word_1_202' title='bbox 1050 2980 1220 3044; x_wconf 90' lang='lat' dir='ltr'>incolumis</span> <span class='ocrx_word' id='word_1_203' title='bbox 1236 2982 1373 3045; x_wconf 89' lang='lat' dir='ltr'>Athenis</span> 
     </span>
     <span class='ocr_line' id='line_1_26' title="bbox 227 3083 1374 3168; baseline 0.002 -20"><span class='ocrx_word' id='word_1_204' title='bbox 227 3090 421 3148; x_wconf 89' lang='lat' dir='ltr'>moraretur:</span> <span class='ocrx_word' id='word_1_205' title='bbox 445 3104 560 3167; x_wconf 90' lang='lat' dir='ltr'>neque,</span> <span class='ocrx_word' id='word_1_206' title='bbox 583 3083 704 3167; x_wconf 91' lang='lat' dir='ltr'>opinor,</span> <span class='ocrx_word' id='word_1_207' title='bbox 725 3083 844 3147; x_wconf 91' lang='lat' dir='ltr'>mirum</span> <span class='ocrx_word' id='word_1_208' title='bbox 867 3090 923 3160; x_wconf 89' lang='lat' dir='ltr'>est,</span> <span class='ocrx_word' id='word_1_209' title='bbox 939 3085 967 3148; x_wconf 91' lang='lat' dir='ltr'>si</span> <span class='ocrx_word' id='word_1_210' title='bbox 989 3085 1120 3168; x_wconf 90' lang='lat' dir='ltr'>tyranni</span> <span class='ocrx_word' id='word_1_211' title='bbox 1143 3086 1279 3150; x_wconf 87' lang='lat' dir='ltr'>audaces</span> <span class='ocrx_word' id='word_1_212' title='bbox 1302 3087 1374 3150; x_wconf 91' lang='lat' dir='ltr'>illos</span> 
     </span>
     <span class='ocr_line' id='line_1_27' title="bbox 228 3187 1375 3272; baseline 0.001 -19"><span class='ocrx_word' id='word_1_213' title='bbox 228 3209 389 3253; x_wconf 89' lang='lat' dir='ltr'>sermones</span> <span class='ocrx_word' id='word_1_214' title='bbox 415 3188 454 3251; x_wconf 89' lang='lat' dir='ltr'>de</span> <span class='ocrx_word' id='word_1_215' title='bbox 482 3188 594 3271; x_wconf 91' lang='lat' dir='ltr'>populi</span> <span class='ocrx_word' id='word_1_216' title='bbox 622 3187 804 3272; x_wconf 87' lang='lat' dir='ltr'>pastoribus</span> <span class='ocrx_word' id='word_1_217' title='bbox 830 3209 895 3252; x_wconf 91' lang='lat' dir='ltr'>non</span> <span class='ocrx_word' id='word_1_218' title='bbox 921 3187 1157 3253; x_wconf 81' lang='lat' dir='ltr'>toleraverunt.⁶</span> <span class='ocrx_word' id='word_1_219' title='bbox 1200 3190 1375 3266; x_wconf 88' lang='lat' dir='ltr'>Praeterea,</span> 
     </span>
    </p>
   </div>
   <div class='ocr_carea' id='block_1_3' title="bbox 227 3383 1381 4153">
    <p class='ocr_par' dir='ltr' id='par_1_3' title="bbox 228 3383 1378 3728">
     <span class='ocr_line' id='line_1_28' title="bbox 263 3383 1378 3462; baseline 0.005 -22"><span class='ocrx_word' id='word_1_220' title='bbox 263 3387 331 3441; x_wconf 76' lang='grc' dir='ltr'>1καί</span> <span class='ocrx_word' id='word_1_221' title='bbox 353 3386 410 3455; x_wconf 68' lang='grc' dir='ltr'>ἐγώ,</span> <span class='ocrx_word' id='word_1_222' title='bbox 429 3385 467 3439; x_wconf 70' lang='grc' dir='ltr'>Ὠ</span> <span class='ocrx_word' id='word_1_223' title='bbox 486 3387 572 3462; x_wconf 77' lang='grc' dir='ltr'><strong><em>μοαρί,</em></strong></span> <span class='ocrx_word' id='word_1_224' title='bbox 594 3387 663 3456; x_wconf 78' lang='grc' dir='ltr'><strong><em>ἔφην,</em></strong></span> <span class='ocrx_word' id='word_1_225' title='bbox 684 3390 790 3460; x_wconf 74' lang='grc' dir='ltr'><strong><em>Κριτίου</em></strong></span> <span class='ocrx_word' id='word_1_226' title='bbox 809 3384 882 3444; x_wconf 69' lang='grc' dir='ltr'><strong><em>τοῖσδε</em></strong></span> <span class='ocrx_word' id='word_1_227' title='bbox 902 3386 1017 3452; x_wconf 77' lang='grc' dir='ltr'><strong><em>σίαῆκοας</em></strong></span> <span class='ocrx_word' id='word_1_228' title='bbox 1037 3391 1104 3444; x_wconf 74' lang='grc' dir='ltr'>αὐτό</span> <span class='ocrx_word' id='word_1_229' title='bbox 1120 3383 1136 3452; x_wconf 64' lang='grc' dir='ltr'>η’</span> <span class='ocrx_word' id='word_1_230' title='bbox 1155 3390 1239 3444; x_wconf 78' lang='grc' dir='ltr'><strong><em>ἄλλου</em></strong></span> <span class='ocrx_word' id='word_1_231' title='bbox 1258 3413 1306 3447; x_wconf 90' lang='grc' dir='ltr'>του</span> <span class='ocrx_word' id='word_1_232' title='bbox 1324 3394 1378 3448; x_wconf 71' lang='lat' dir='ltr'>rain</span> 
     </span>
     <span class='ocr_line' id='line_1_29' title="bbox 228 3474 1377 3551; baseline 0.002 -19"><span class='ocrx_word' id='word_1_233' title='bbox 228 3477 316 3543; x_wconf 71' lang='grc' dir='ltr'><strong><em>σοφόυ.</em></strong></span> <span class='ocrx_word' id='word_1_234' title='bbox 357 3474 463 3530; x_wconf 75' lang='lat' dir='ltr'>Charra.</span> <span class='ocrx_word' id='word_1_235' title='bbox 482 3480 530 3532; x_wconf 88' lang='lat'>161</span> <span class='ocrx_word' id='word_1_236' title='bbox 552 3476 582 3530; x_wconf 92' lang='grc' dir='ltr'>Β.</span> <span class='ocrx_word' id='word_1_237' title='bbox 622 3482 700 3531; x_wconf 82' lang='grc' dir='ltr'><strong><em>Δοαεῐ</em></strong></span> <span class='ocrx_word' id='word_1_238' title='bbox 716 3477 771 3551; x_wconf 69' lang='grc' dir='ltr'>γάρ</span> <span class='ocrx_word' id='word_1_239' title='bbox 788 3498 833 3546; x_wconf 75' lang='grc' dir='ltr'>μοι</span> <span class='ocrx_word' id='word_1_240' title='bbox 853 3479 951 3535; x_wconf 79' lang='grc' dir='ltr'><strong><em>ταντίς</em></strong></span> <span class='ocrx_word' id='word_1_241' title='bbox 969 3486 1075 3547; x_wconf 70' lang='grc' dir='ltr'><strong><em>μᾶλλον</em></strong></span> <span class='ocrx_word' id='word_1_242' title='bbox 1094 3478 1185 3541; x_wconf 79' lang='grc' dir='ltr'><strong><em>σίληίίς</em></strong></span> <span class='ocrx_word' id='word_1_243' title='bbox 1204 3477 1275 3548; x_wconf 73' lang='grc' dir='ltr'><strong><em>εἶναι,</em></strong></span> <span class='ocrx_word' id='word_1_244' title='bbox 1295 3479 1310 3534; x_wconf 71' lang='grc' dir='ltr'>ὅ</span> <span class='ocrx_word' id='word_1_245' title='bbox 1328 3483 1377 3546; x_wconf 61' lang='lat' dir='ltr'>lyd</span> 
     </span>
     <span class='ocr_line' id='line_1_30' title="bbox 229 3565 1374 3643; baseline 0.005 -23"><span class='ocrx_word' id='word_1_246' title='bbox 229 3567 367 3634; x_wconf 68' lang='grc' dir='ltr'><strong><em>ὑπέλαβον,</em></strong></span> <span class='ocrx_word' id='word_1_247' title='bbox 382 3569 429 3622; x_wconf 72' lang='grc' dir='ltr'>τοῦ</span> <span class='ocrx_word' id='word_1_248' title='bbox 448 3568 552 3638; x_wconf 81' lang='grc' dir='ltr'><strong><em>Κριτίου</em></strong></span> <span class='ocrx_word' id='word_1_249' title='bbox 565 3567 702 3626; x_wconf 71' lang='grc' dir='ltr'><strong><em>ἀκηκοέναι</em></strong></span> <span class='ocrx_word' id='word_1_250' title='bbox 714 3568 759 3624; x_wconf 74' lang='grc' dir='ltr'>του</span> <span class='ocrx_word' id='word_1_251' title='bbox 779 3565 914 3640; x_wconf 71' lang='grc' dir='ltr'><strong><em>Χαρμίδην</em></strong></span> <span class='ocrx_word' id='word_1_252' title='bbox 930 3565 1032 3628; x_wconf 70' lang='grc' dir='ltr'><strong><em>ταύτην</em></strong></span> <span class='ocrx_word' id='word_1_253' title='bbox 1051 3567 1098 3630; x_wconf 75' lang='grc' dir='ltr'>τὴν</span> <span class='ocrx_word' id='word_1_254' title='bbox 1112 3569 1244 3640; x_wconf 76' lang='grc' dir='ltr'><strong><em>ατίαρτσιυ</em></strong></span> <span class='ocrx_word' id='word_1_255' title='bbox 1260 3569 1312 3643; x_wconf 72' lang='grc' dir='ltr'>περί</span> <span class='ocrx_word' id='word_1_256' title='bbox 1326 3577 1374 3634; x_wconf 81' lang='grc' dir='ltr'>τῆς</span> 
     </span>
     <span class='ocr_line' id='line_1_31' title="bbox 229 3651 601 3728; baseline -0.005 -19"><span class='ocrx_word' id='word_1_257' title='bbox 229 3653 387 3728; x_wconf 75' lang='grc' dir='ltr'><strong><em>σωφροσύνης.</em></strong></span> <span class='ocrx_word' id='word_1_258' title='bbox 424 3651 494 3706; x_wconf 71' lang='lat' dir='ltr'>Idid.</span> <span class='ocrx_word' id='word_1_259' title='bbox 510 3656 560 3708; x_wconf 75' lang='grc'>162</span> <span class='ocrx_word' id='word_1_260' title='bbox 574 3653 601 3707; x_wconf 71' lang='grc' dir='ltr'>(ί.</span> 
     </span>
    </p>

    <p class='ocr_par' dir='ltr' id='par_1_4' title="bbox 227 3738 1381 4082">
     <span class='ocr_line' id='line_1_32' title="bbox 264 3738 1379 3818; baseline 0.002 -21"><span class='ocrx_word' id='word_1_261' title='bbox 264 3741 273 3769; x_wconf 86' lang='lat'><strong>²</strong></span> <span class='ocrx_word' id='word_1_262' title='bbox 285 3744 365 3798; x_wconf 79' lang='grc' dir='ltr'><strong><em>Μετοὶ</em></strong></span> <span class='ocrx_word' id='word_1_263' title='bbox 377 3739 401 3795; x_wconf 75' lang='grc' dir='ltr'>δὲ</span> <span class='ocrx_word' id='word_1_264' title='bbox 413 3741 457 3798; x_wconf 76' lang='grc' dir='ltr'>τίν</span> <span class='ocrx_word' id='word_1_265' title='bbox 469 3738 646 3809; x_wconf 71' lang='grc' dir='ltr'>Ἀλκιβιάδην,</span> <span class='ocrx_word' id='word_1_266' title='bbox 660 3745 691 3800; x_wconf 76' lang='grc' dir='ltr'>ὥς</span> <span class='ocrx_word' id='word_1_267' title='bbox 709 3741 818 3813; x_wconf 73' lang='grc' dir='ltr'><strong><em>ἐγῷμαι,</em></strong></span> <span class='ocrx_word' id='word_1_268' title='bbox 835 3748 946 3818; x_wconf 75' lang='grc' dir='ltr'><strong><em>Κριτίας</em></strong></span> <span class='ocrx_word' id='word_1_269' title='bbox 964 3743 993 3809; x_wconf 73' lang='grc' dir='ltr'>ἦν</span> <span class='ocrx_word' id='word_1_270' title='bbox 1006 3747 1019 3799; x_wconf 83' lang='lat' dir='ltr'>o&#39;</span> <span class='ocrx_word' id='word_1_271' title='bbox 1031 3743 1111 3800; x_wconf 69' lang='lat' dir='ltr'>elada.</span> <span class='ocrx_word' id='word_1_272' title='bbox 1146 3743 1185 3798; x_wconf 77' lang='grc' dir='ltr'><strong>Ὠ</strong></span> <span class='ocrx_word' id='word_1_273' title='bbox 1205 3744 1312 3816; x_wconf 54' lang='lat' dir='ltr'>Helium</span> <span class='ocrx_word' id='word_1_274' title='bbox 1331 3745 1379 3800; x_wconf 77' lang='grc' dir='ltr'>καί</span> 
     </span>
     <span class='ocr_line' id='line_1_33' title="bbox 227 3828 1381 3906; baseline 0.003 -21"><span class='ocrx_word' id='word_1_275' title='bbox 227 3831 336 3896; x_wconf 74' lang='grc' dir='ltr'><strong><em>Ἱππία,</em></strong></span> <span class='ocrx_word' id='word_1_276' title='bbox 358 3832 484 3892; x_wconf 85' lang='grc' dir='ltr'><strong><em>Καλλίας</em></strong></span> <span class='ocrx_word' id='word_1_277' title='bbox 500 3830 547 3900; x_wconf 70' lang='grc' dir='ltr'>μίν</span> <span class='ocrx_word' id='word_1_278' title='bbox 566 3828 633 3886; x_wconf 75' lang='grc' dir='ltr'><strong><em>δοκεῖ</em></strong></span> <span class='ocrx_word' id='word_1_279' title='bbox 647 3853 693 3900; x_wconf 74' lang='grc' dir='ltr'>μοι</span> <span class='ocrx_word' id='word_1_280' title='bbox 710 3831 792 3900; x_wconf 72' lang='grc' dir='ltr'>μάλα</span> <span class='ocrx_word' id='word_1_281' title='bbox 812 3835 872 3906; x_wconf 76' lang='grc' dir='ltr'><strong><em>τρίς</em></strong></span> <span class='ocrx_word' id='word_1_282' title='bbox 895 3836 1070 3906; x_wconf 72' lang='grc' dir='ltr'><strong><em>Πρωταγόρου</em></strong></span> <span class='ocrx_word' id='word_1_283' title='bbox 1089 3831 1160 3902; x_wconf 70' lang='lat' dir='ltr'>eluar,</span> <span class='ocrx_word' id='word_1_284' title='bbox 1181 3833 1341 3898; x_wconf 71' lang='grc' dir='ltr'>Αλαιβισὶδης</span> <span class='ocrx_word' id='word_1_285' title='bbox 1360 3833 1381 3888; x_wconf 81' lang='grc' dir='ltr'>δ’</span> 
     </span>
     <span class='ocr_line' id='line_1_34' title="bbox 229 3917 1381 3993; baseline 0.002 -19"><span class='ocrx_word' id='word_1_286' title='bbox 229 3921 268 3974; x_wconf 78' lang='lat' dir='ltr'>olei</span> <span class='ocrx_word' id='word_1_287' title='bbox 293 3920 417 3984; x_wconf 75' lang='grc' dir='ltr'><strong><em>φολόυταίς</em></strong></span> <span class='ocrx_word' id='word_1_288' title='bbox 443 3920 496 3974; x_wconf 75' lang='grc' dir='ltr'><strong><em>ἔστι</em></strong></span> <span class='ocrx_word' id='word_1_289' title='bbox 520 3920 579 3991; x_wconf 72' lang='grc' dir='ltr'><strong><em>τρίς</em></strong></span> <span class='ocrx_word' id='word_1_290' title='bbox 601 3917 615 3972; x_wconf 77' lang='grc' dir='ltr'><strong><em>ί</em></strong></span> <span class='ocrx_word' id='word_1_291' title='bbox 635 3921 669 3973; x_wconf 68' lang='grc' dir='ltr'>ἂν</span> <span class='ocrx_word' id='word_1_292' title='bbox 692 3918 797 3993; x_wconf 70' lang='grc' dir='ltr'><strong><em>ὁρμήσῃ·</em></strong></span> <span class='ocrx_word' id='word_1_293' title='bbox 825 3923 894 3991; x_wconf 65' lang='grc' dir='ltr'>ἡμας</span> <span class='ocrx_word' id='word_1_294' title='bbox 920 3921 944 3977; x_wconf 74' lang='grc' dir='ltr'>δέ</span> <span class='ocrx_word' id='word_1_295' title='bbox 966 3921 1031 3977; x_wconf 75' lang='grc' dir='ltr'><strong><em>οὐδὲν</em></strong></span> <span class='ocrx_word' id='word_1_296' title='bbox 1054 3920 1089 3977; x_wconf 75' lang='grc' dir='ltr'>δεῖ</span> <span class='ocrx_word' id='word_1_297' title='bbox 1109 3927 1299 3990; x_wconf 74' lang='grc' dir='ltr'><strong><em>συμφιλσυταεῐυ</em></strong></span> <span class='ocrx_word' id='word_1_298' title='bbox 1321 3925 1381 3978; x_wconf 78' lang='grc' dir='ltr'><strong><em>οὔτε</em></strong></span> 
     </span>
     <span class='ocr_line' id='line_1_35' title="bbox 230 4007 1001 4082; baseline 0.005 -20"><span class='ocrx_word' id='word_1_299' title='bbox 230 4007 359 4082; x_wconf 73' lang='grc' dir='ltr'>Σωκράτει</span> <span class='ocrx_word' id='word_1_300' title='bbox 371 4010 429 4064; x_wconf 77' lang='grc' dir='ltr'><strong><em>οὔτε</em></strong></span> <span class='ocrx_word' id='word_1_301' title='bbox 443 4009 610 4081; x_wconf 70' lang='grc' dir='ltr'><em>Πρωταγόρᾳ</em></span> <span class='ocrx_word' id='word_1_302' title='bbox 622 4031 645 4062; x_wconf 80' lang='grc' dir='ltr'>α.</span> <span class='ocrx_word' id='word_1_303' title='bbox 660 4031 685 4064; x_wconf 91' lang='grc' dir='ltr'>τ.</span> <span class='ocrx_word' id='word_1_304' title='bbox 700 4021 724 4062; x_wconf 87' lang='grc' dir='ltr'>λ.</span> <span class='ocrx_word' id='word_1_305' title='bbox 736 4009 844 4080; x_wconf 71' lang='lat' dir='ltr'>Protaq.</span> <span class='ocrx_word' id='word_1_306' title='bbox 858 4015 910 4067; x_wconf 87' lang='grc'>336</span> <span class='ocrx_word' id='word_1_307' title='bbox 923 4011 956 4064; x_wconf 93' lang='lat' dir='ltr'>D.</span> <span class='ocrx_word' id='word_1_308' title='bbox 970 4011 1001 4066; x_wconf 86' lang='lat' dir='ltr'>E.</span> 
     </span>
    </p>

    <p class='ocr_par' dir='ltr' id='par_1_5' title="bbox 264 4093 1051 4153">
     <span class='ocr_line' id='line_1_36' title="bbox 264 4093 1051 4153; baseline 0.008 -6"><span class='ocrx_word' id='word_1_309' title='bbox 264 4095 352 4148; x_wconf 79' lang='lat' dir='ltr'>⁸Xen.</span> <span class='ocrx_word' id='word_1_310' title='bbox 368 4093 445 4149; x_wconf 75' lang='lat' dir='ltr'>Mem.</span> <span class='ocrx_word' id='word_1_311' title='bbox 459 4093 507 4148; x_wconf 83' lang='grc' dir='ltr'><strong><em>ίοσ.</em></strong></span> <span class='ocrx_word' id='word_1_312' title='bbox 521 4095 566 4148; x_wconf 80' lang='lat' dir='ltr'>cit.</span> <span class='ocrx_word' id='word_1_313' title='bbox 814 4097 825 4127; x_wconf 84' lang='lat'><strong>⁴</strong></span> <span class='ocrx_word' id='word_1_314' title='bbox 840 4095 944 4152; x_wconf 76' lang='lat' dir='ltr'>Charra.</span> <span class='ocrx_word' id='word_1_315' title='bbox 960 4101 1010 4153; x_wconf 89' lang='lat'>169</span> <span class='ocrx_word' id='word_1_316' title='bbox 1024 4098 1051 4153; x_wconf 75' lang='grc' dir='ltr'>(ί.</span> 
     </span>
    </p>
   </div>
   <div class='ocr_carea' id='block_1_4' title="bbox 265 4164 1383 4289">
    <p class='ocr_par' dir='ltr' id='par_1_6' title="bbox 265 4164 1383 4289">
     <span class='ocr_line' id='line_1_37' title="bbox 265 4164 1383 4289; baseline 0.005 -71"><span class='ocrx_word' id='word_1_317' title='bbox 265 4166 351 4219; x_wconf 80' lang='lat' dir='ltr'>⁵Xen.</span> <span class='ocrx_word' id='word_1_318' title='bbox 366 4164 445 4220; x_wconf 86' lang='lat' dir='ltr'>Mem.</span> <span class='ocrx_word' id='word_1_319' title='bbox 460 4166 521 4234; x_wconf 76' lang='lat'>12,</span> <span class='ocrx_word' id='word_1_320' title='bbox 534 4164 568 4289; x_wconf 58' lang='grc' dir='ltr'>ἒξ</span> <span class='ocrx_word' id='word_1_321' title='bbox 582 4169 677 4220; x_wconf 85' lang='grc'>31-38.</span> <span class='ocrx_word' id='word_1_322' title='bbox 717 4166 754 4221; x_wconf 85' lang='lat' dir='ltr'>cf.</span> <span class='ocrx_word' id='word_1_323' title='bbox 769 4167 870 4236; x_wconf 89' lang='lat' dir='ltr'>Krohn,</span> <span class='ocrx_word' id='word_1_324' title='bbox 883 4167 1006 4222; x_wconf 75' lang='lat' dir='ltr'>Sokrutes</span> <span class='ocrx_word' id='word_1_325' title='bbox 1018 4168 1078 4223; x_wconf 80' lang='lat' dir='ltr'>und</span> <span class='ocrx_word' id='word_1_326' title='bbox 1095 4169 1250 4241; x_wconf 77' lang='lat' dir='ltr'>Xenophon,</span> <span class='ocrx_word' id='word_1_327' title='bbox 1263 4174 1295 4225; x_wconf 90' lang='grc'>91</span> <span class='ocrx_word' id='word_1_328' title='bbox 1310 4187 1383 4241; x_wconf 85' lang='lat' dir='ltr'>sqq.;</span> 
     </span>
    </p>
   </div>
   <div class='ocr_carea' id='block_1_5' title="bbox 231 4235 631 4304">
    <p class='ocr_par' dir='ltr' id='par_1_7' title="bbox 231 4235 631 4304">
     <span class='ocr_line' id='line_1_38' title="bbox 231 4235 631 4304; baseline 0.008 -14"><span class='ocrx_word' id='word_1_329' title='bbox 231 4237 388 4303; x_wconf 89' lang='lat' dir='ltr'>Duemmler,</span> <span class='ocrx_word' id='word_1_330' title='bbox 402 4235 536 4290; x_wconf 79' lang='lat' dir='ltr'>Akadema&#39;</span> <span class='ocrx_word' id='word_1_331' title='bbox 552 4255 576 4304; x_wconf 83' lang='lat' dir='ltr'>a,</span> <span class='ocrx_word' id='word_1_332' title='bbox 591 4239 631 4293; x_wconf 82' lang='lat'>70.</span> 
     </span>
    </p>
   </div>
   <div class='ocr_carea' id='block_1_6' title="bbox 230 4323 1388 4753">
    <p class='ocr_par' dir='ltr' id='par_1_8' title="bbox 230 4323 1388 4753">
     <span class='ocr_line' id='line_1_39' title="bbox 266 4323 1384 4399; baseline 0.006 -21"><span class='ocrx_word' id='word_1_333' title='bbox 266 4323 342 4379; x_wconf 72' lang='lat' dir='ltr'>lehre</span> <span class='ocrx_word' id='word_1_334' title='bbox 355 4347 405 4378; x_wconf 86' lang='grc' dir='ltr'>του</span> <span class='ocrx_word' id='word_1_335' title='bbox 422 4326 434 4378; x_wconf 84' lang='lat' dir='ltr'>o&#39;</span> <span class='ocrx_word' id='word_1_336' title='bbox 453 4325 589 4399; x_wconf 70' lang='grc' dir='ltr'><strong><em>Σωκράτης</em></strong></span> <span class='ocrx_word' id='word_1_337' title='bbox 608 4326 648 4384; x_wconf 75' lang='grc' dir='ltr'>ὅτι</span> <span class='ocrx_word' id='word_1_338' title='bbox 669 4329 821 4396; x_wconf 78' lang='grc' dir='ltr'><strong><em>ίαυμαστίυ</em></strong></span> <span class='ocrx_word' id='word_1_339' title='bbox 841 4334 863 4384; x_wconf 88' lang='lat' dir='ltr'>cl</span> <span class='ocrx_word' id='word_1_340' title='bbox 882 4327 962 4391; x_wconf 71' lang='grc' dir='ltr'><strong><em>δοκοίη</em></strong></span> <span class='ocrx_word' id='word_1_341' title='bbox 982 4328 1046 4386; x_wconf 73' lang='grc' dir='ltr'><strong><em>εἶναι</em></strong></span> <span class='ocrx_word' id='word_1_342' title='bbox 1067 4331 1089 4385; x_wconf 74' lang='grc' dir='ltr'>τί</span> <span class='ocrx_word' id='word_1_343' title='bbox 1106 4354 1148 4394; x_wconf 79' lang='grc' dir='ltr'>τις</span> <span class='ocrx_word' id='word_1_344' title='bbox 1167 4334 1297 4399; x_wconf 72' lang='grc' dir='ltr'><strong><em>γενόμενος</em></strong></span> <span class='ocrx_word' id='word_1_345' title='bbox 1315 4335 1384 4397; x_wconf 73' lang='grc' dir='ltr'>βοῶν</span> 
     </span>
     <span class='ocr_line' id='line_1_40' title="bbox 231 4413 1386 4492; baseline 0.007 -24"><span class='ocrx_word' id='word_1_346' title='bbox 231 4415 326 4479; x_wconf 74' lang='grc' dir='ltr'><strong><em>ἀγέλης</em></strong></span> <span class='ocrx_word' id='word_1_347' title='bbox 342 4413 428 4482; x_wconf 76' lang='grc' dir='ltr'><strong><em>νομεὺς</em></strong></span> <span class='ocrx_word' id='word_1_348' title='bbox 440 4414 486 4468; x_wconf 75' lang='grc' dir='ltr'>καί</span> <span class='ocrx_word' id='word_1_349' title='bbox 501 4436 553 4476; x_wconf 84' lang='grc' dir='ltr'>τας</span> <span class='ocrx_word' id='word_1_350' title='bbox 570 4419 629 4478; x_wconf 73' lang='grc' dir='ltr'><strong><em>βοῦς</em></strong></span> <span class='ocrx_word' id='word_1_351' title='bbox 641 4415 771 4480; x_wconf 68' lang='grc' dir='ltr'><strong><em>ἐλάττους</em></strong></span> <span class='ocrx_word' id='word_1_352' title='bbox 783 4440 812 4474; x_wconf 84' lang='grc' dir='ltr'>τε</span> <span class='ocrx_word' id='word_1_353' title='bbox 825 4418 871 4472; x_wconf 79' lang='grc' dir='ltr'>καί</span> <span class='ocrx_word' id='word_1_354' title='bbox 886 4419 980 4492; x_wconf 80' lang='grc' dir='ltr'><strong><em>χείρους</em></strong></span> <span class='ocrx_word' id='word_1_355' title='bbox 999 4422 1076 4476; x_wconf 66' lang='lat' dir='ltr'>aurbu</span> <span class='ocrx_word' id='word_1_356' title='bbox 1087 4420 1127 4488; x_wconf 74' lang='grc' dir='ltr'>μη</span> <span class='ocrx_word' id='word_1_357' title='bbox 1145 4423 1281 4490; x_wconf 75' lang='grc' dir='ltr'><strong><em>ίμολογίιη</em></strong></span> <span class='ocrx_word' id='word_1_358' title='bbox 1300 4423 1386 4485; x_wconf 79' lang='grc' dir='ltr'><strong><em>αακδς</em></strong></span> 
     </span>
     <span class='ocr_line' id='line_1_41' title="bbox 230 4499 1384 4581; baseline 0.007 -23"><span class='ocrx_word' id='word_1_359' title='bbox 230 4507 353 4568; x_wconf 76' lang='grc' dir='ltr'><strong><em>βουκόλος</em></strong></span> <span class='ocrx_word' id='word_1_360' title='bbox 373 4501 445 4558; x_wconf 73' lang='grc' dir='ltr'><strong><em>εἶναι·</em></strong></span> <span class='ocrx_word' id='word_1_361' title='bbox 471 4502 509 4559; x_wconf 74' lang='grc' dir='ltr'>ἔτι</span> <span class='ocrx_word' id='word_1_362' title='bbox 530 4502 554 4558; x_wconf 75' lang='grc' dir='ltr'>δε</span> <span class='ocrx_word' id='word_1_363' title='bbox 575 4506 783 4578; x_wconf 67' lang='grc' dir='ltr'><strong><em>θαυμαστότερον</em></strong></span> <span class='ocrx_word' id='word_1_364' title='bbox 803 4510 828 4562; x_wconf 85' lang='grc' dir='ltr'>εί</span> <span class='ocrx_word' id='word_1_365' title='bbox 842 4530 883 4572; x_wconf 79' lang='grc' dir='ltr'>τις</span> <span class='ocrx_word' id='word_1_366' title='bbox 903 4509 1051 4581; x_wconf 69' lang='grc' dir='ltr'><strong><em>προστάτης</em></strong></span> <span class='ocrx_word' id='word_1_367' title='bbox 1070 4499 1313 4580; x_wconf 39' lang='grc' dir='ltr'>γενόμενος’τόλευς</span> <span class='ocrx_word' id='word_1_368' title='bbox 1332 4511 1384 4566; x_wconf 77' lang='grc' dir='ltr'>καί</span> 
     </span>
     <span class='ocr_line' id='line_1_42' title="bbox 233 4591 1388 4671; baseline 0.009 -26"><span class='ocrx_word' id='word_1_369' title='bbox 233 4595 314 4648; x_wconf 71' lang='grc' dir='ltr'><strong><em>τοίίον</em></strong></span> <span class='ocrx_word' id='word_1_370' title='bbox 334 4591 394 4654; x_wconf 77' lang='grc' dir='ltr'><strong><em>τοὺς</em></strong></span> <span class='ocrx_word' id='word_1_371' title='bbox 414 4595 527 4650; x_wconf 78' lang='grc' dir='ltr'><strong><em>πολίτας</em></strong></span> <span class='ocrx_word' id='word_1_372' title='bbox 550 4594 678 4658; x_wconf 74' lang='grc' dir='ltr'><strong><em>ἐλάττους</em></strong></span> <span class='ocrx_word' id='word_1_373' title='bbox 698 4597 743 4651; x_wconf 78' lang='grc' dir='ltr'>καί</span> <span class='ocrx_word' id='word_1_374' title='bbox 764 4599 859 4671; x_wconf 75' lang='grc' dir='ltr'><strong><em>χείρους</em></strong></span> <span class='ocrx_word' id='word_1_375' title='bbox 876 4597 935 4668; x_wconf 79' lang='grc' dir='ltr'><strong><em>μηδ’</em></strong></span> <span class='ocrx_word' id='word_1_376' title='bbox 954 4598 1106 4668; x_wconf 79' lang='grc' dir='ltr'><strong><em>αίσχύυεται</em></strong></span> <span class='ocrx_word' id='word_1_377' title='bbox 1124 4598 1183 4670; x_wconf 77' lang='grc' dir='ltr'><strong><em>μηδ’</em></strong></span> <span class='ocrx_word' id='word_1_378' title='bbox 1202 4601 1282 4657; x_wconf 63' lang='lat' dir='ltr'>clerae</span> <span class='ocrx_word' id='word_1_379' title='bbox 1302 4603 1388 4664; x_wconf 78' lang='grc' dir='ltr'><strong><em>αααδς</em></strong></span> 
     </span>
     <span class='ocr_line' id='line_1_43' title="bbox 233 4679 854 4753; baseline 0.014 -18"><span class='ocrx_word' id='word_1_380' title='bbox 233 4679 298 4736; x_wconf 71' lang='lat' dir='ltr'>clear</span> <span class='ocrx_word' id='word_1_381' title='bbox 312 4679 460 4753; x_wconf 73' lang='grc' dir='ltr'><strong><em>προστάτης</em></strong></span> <span class='ocrx_word' id='word_1_382' title='bbox 472 4687 520 4744; x_wconf 78' lang='grc' dir='ltr'>τῆς</span> <span class='ocrx_word' id='word_1_383' title='bbox 533 4684 633 4746; x_wconf 74' lang='grc' dir='ltr'><strong><em>πόλεως.</em></strong></span> <span class='ocrx_word' id='word_1_384' title='bbox 670 4685 736 4739; x_wconf 88' lang='lat' dir='ltr'>Xen.</span> <span class='ocrx_word' id='word_1_385' title='bbox 750 4686 796 4743; x_wconf 81' lang='lat' dir='ltr'>loc.</span> <span class='ocrx_word' id='word_1_386' title='bbox 810 4689 854 4744; x_wconf 75' lang='lat' dir='ltr'>cir.</span> 
     </span>
    </p>
   </div>
   <div class='ocr_carea' id='block_1_7' title="bbox 0 0 1531 5058">
    <p class='ocr_par' dir='ltr' id='par_1_9' title="bbox 0 0 1531 5058">
     <span class='ocr_line' id='line_1_44' title="bbox 0 0 1531 5058; baseline 0 0"><span class='ocrx_word' id='word_1_387' title='bbox 0 0 1531 5058; x_wconf 95' lang='lat' dir='ltr'> </span> 
     </span>
    </p>
   </div>
  </div>
 </body>
</html>
