3018 5058
255 1062 276 1110 oi
299 1055 387 1110 πολλοὶ
402 1054 467 1110 οὐδὲν
479 1054 580 1112 δέονται
592 1053 736 1124 διηγήσεως,
751 1055 798 1110 οἷον
812 1058 832 1110 si
851 1057 926 1116 θέλεις
939 1051 1070 1122 Ἀχιλλέα
1090 1057 1209 1110 ἐπαινεῖν·
1228 1057 1296 1109 irase
1316 1056 1369 1126 γὰρ

220 1143 317 1199 πάντες
336 1144 387 1205 soi,-
407 1143 520 1218 πρίιξεις,
534 1144 610 1198 ἀλλὰ
628 1145 736 1217 χρῆσθαι
757 1148 853 1200 αὐταῖς
873 1142 913 1198 δεῖ.
952 1141 1035 1197 isidis*
1057 1141 1232 1216 sterelitate.
1271 1147 1298 1198 οὐ
1319 1144 1370 1215 γὰρ

225 1232 314 1288 πολλοὶ
331 1233 571 1290 isuaia-Aristoi.
585 1231 662 1287 litet.
676 1233 729 1289 III.
745 1236 785 1302 16,
799 1250 823 1302 p.
840 1235 908 1287 1416
921 1231 945 1301 b,
959 1236 1001 1287 26.

723 1406 815 1470 OAP.
848 1407 872 1470 I.

135 1587 138 1594 ·
194 1599 198 1607 .
268 1553 393 1617 Scelere
403 1574 484 1635 quae
496 1553 611 1617 Critias
622 1553 754 1637 triginta
763 1561 972 1636 tyrannorum
982 1553 1129 1636 princeps
1140 1553 1270 1617 admisit
1280 1573 1371 1616 nemo

207 1664 274 1727 ,est
299 1656 377 1738 quin
393 1656 512 1719 oderit:
535 1657 620 1720 idem
645 1662 753 1720 tamen
780 1662 989 1720 monumenta
1013 1655 1135 1740 ingenii
1159 1663 1197 1718 ut
1213 1655 1371 1718 versatilis

222 1761 272 1822 ita
296 1760 431 1844 insignis
455 1760 594 1844 reliquit.
639 1761 690 1822 Ex
712 1760 764 1824 his
788 1761 967 1844 tragoediae
983 1766 1016 1824 et
1041 1760 1181 1824 earmina
1207 1760 1371 1824 notissima

226 1872 310 1939 sunt,
341 1885 477 1948 quorum
514 1865 665 1948 reliquias
701 1865 891 1929 Nauekius¹
922 1871 954 1928 et
990 1865 1169 1949 Bergkius²
1199 1865 1287 1948 typis
1318 1886 1370 1928 ex·

224 1969 356 2032 cudere:
394 1969 512 2051 quibus
547 1974 656 2032 tamen
692 1969 930 2034 Bernhardius³
964 1969 1064 2034 libros
1099 1991 1193 2052 prosa
1229 1969 1370 2032 oratione

225 2072 419 2155 conscriptos
437 2093 500 2135 non
516 2073 584 2136 sine
597 2073 669 2156 jure
686 2073 874 2156 anteposuit.
921 2074 1049 2137 Etenim
1066 2079 1214 2156 poemata
1226 2074 1372 2157 quamvis

226 2177 392 2260 elegantia,
414 2177 637 2242 versificatoris
663 2178 764 2261 magis
789 2199 885 2261 quam
911 2179 994 2242 vatis
1019 2178 1185 2262 ingenium
1209 2176 1370 2241 redolent:

225 2281 344 2362 scripta
359 2289 470 2343 eontra
492 2281 652 2363 pedestria
675 2302 740 2344 non
763 2281 856 2344 modo
873 2283 1076 2364 quaestiones
1100 2280 1276 2364 permultas
1300 2282 1371 2344 doe·

225 2384 348 2448 tissime
364 2390 591 2459 tractaverunt,
607 2385 662 2448 sed
679 2383 819 2447 multum
835 2384 874 2447 ad
891 2385 1035 2468 linguam
1052 2385 1195 2448 Atticam
1211 2384 1372 2468 expolien-

225 2488 298 2550 dam
323 2487 528 2551 contulerunt
554 2487 793 2571 sermonemque
817 2488 996 2572 simplicem
1019 2499 1051 2551 et
1074 2495 1245 2552 venustum
1269 2474 1373 2551 osten-

225 2592 351 2669 debant,
379 2614 442 2676 quo
470 2599 608 2657 oratores
636 2593 798 2676 sequentis
826 2593 940 2656 aetatis
970 2593 1198 2676 gloriabantur.
1257 2593 1372 2675 Itaque

226 2695 362 2760 isachii*
376 2697 521 2782 vestigiis
537 2698 705 2781 ingressus,
722 2697 777 2781 qui
794 2697 916 2779 primus
934 2697 1053 2764 Critiae
1072 2698 1251 2781 fragmenta
1265 2696 1374 2772 edidit,

226 2801 304 2864 haee
320 2822 415 2885 opera
437 2803 542 2866 denuo
564 2801 726 2865 illustrare
750 2811 883 2866 conatus
907 2823 985 2866 sum.
1033 2804 1142 2885 Atque
1166 2801 1375 2885 praefationis

228 2905 297 2968 loeo
313 2906 497 2970 testimonia
512 2907 645 2989 antiqua
661 2906 771 2990 paucis
787 2907 891 2970 verbis
908 2907 1098 2971 adumbrare
1114 2907 1219 2970 velim.

269 3010 498 3074 Vetustissima
508 3009 644 3094 vestigia
657 3011 741 3093 apud
754 3010 961 3074 Aristotelem
974 3011 1193 3087 inveniuntur,
1205 3011 1262 3094 qui
1273 3011 1375 3074 tradit

227 3114 362 3177 Critiam
385 3115 510 3178 animae
533 3115 639 3178 sedem
663 3115 697 3176 in
722 3114 876 3198 sanguine
892 3115 1044 3197 posuisse,
1059 3114 1115 3178 sed
1138 3135 1197 3178 nee
1218 3135 1297 3197 opus
1314 3136 1374 3178 neo

226 3219 322 3281 verba
334 3224 567 3294 commemorat,
580 3218 696 3301 quibus
712 3217 791 3282 haee
806 3218 965 3281 sententia
980 3239 1129 3300 expressa
1146 3219 1208 3282 sit⁶
1247 3217 1372 3300 Neque,

226 3323 346 3404 opinor,
363 3307 442 3385 forte
458 3321 581 3397 accidit,
599 3327 635 3384 ut
647 3321 728 3384 ¹haeo
745 3321 852 3403 prima,
863 3321 983 3385 mentio
999 3322 1084 3404 apud
1101 3321 1287 3405 Stagiritam
1303 3323 1371 3397 fiat,

227 3426 282 3507 qui
307 3424 410 3488 multo
434 3425 546 3489 mitius
562 3445 659 3508 quarn
675 3424 824 3508 aequales
850 3425 889 3489 de
914 3423 1035 3490 Critiae
1059 3426 1187 3509 ingenio
1208 3425 1377 3508 judicavit.

226 3531 259 3592 N
261 3551 311 3592 am
334 3529 369 3592 in
384 3529 554 3612 Republica
569 3530 807 3593 Atheniensium
823 3531 992 3613 opprobria
1016 3531 1144 3606 omittit,
1161 3552 1242 3614 quae
1267 3530 1376 3594 Xeno-

227 3633 313 3715 phon
339 3634 373 3696 in
404 3641 579 3717 tyrannum
606 3641 803 3717 contorquet,
830 3644 862 3698 et
892 3635 926 3698 in
953 3635 1035 3698 Arte
1064 3635 1230 3698 Rhetorice
1252 3635 1380 3698 -Critiae

227 3737 393 3821 ingenium
417 3744 571 3821 tanquam
594 3738 743 3802 laudibus
766 3760 830 3802 non
854 3737 1025 3822 indignum
1049 3738 1196 3803 celebrat.
1243 3739 1315 3815 Qua
1342 3740 1380 3802 in

228 3860 269 3915 re,
286 3840 320 3902 ni
336 3839 437 3915 fallor,
453 3839 597 3904 Platonis
613 3839 807 3924 discipulum
825 3862 993 3925 agnoscere
1009 3841 1091 3905 lieet.

263 3995 272 4025 1
288 3991 365 4064 Troy.
382 3993 472 4049 Graes.
486 3992 533 4047 Fr.
548 4011 595 4047 ree.
610 3993 712 4048 Nauck.
726 3994 784 4062 (Ed.
800 3993 859 4064 IL),
874 3994 897 4048 1.·
912 3995 1043 4050 770-776.

262 4081 353 4134 ²1’0et.
368 4081 431 4152 Lpr.
448 4082 536 4136 Graec.
551 4099 598 4135 ree.
614 4082 706 4151 Bergk.
718 4083 775 4150 (Ed.
791 4083 908 4151 rv.)‚11.
924 4083 1056 4139 ata-286.

263 4168 443 4238 ³Bernhardy,
459 4169 503 4226 Gr.
518 4169 581 4236 Lis,
597 4169 634 4223 ΙΙ.
651 4173 673 4236 l,
687 4171 746 4226 487.

263 4255 388 4310 ⁴0ritioe
408 4256 533 4328 Tyrassai
553 4256 711 4310 Uerminam
729 4257 905 4330 Alieremqee
923 4258 1032 4330 Ingenii
1049 4259 1284 4315 Moaemeatorem
1305 4262 1385 4328 Quae

228 4344 384 4414 Supersunt.
411 4344 554 4416 Disposuit
567 4345 721 4400 Iliastreae't
731 4344 892 4400 Emendeoit
904 4347 930 4400 N
931 4349 1026 4401 ioolaus
1036 4349 1155 4404 Baehius
1172 4348 1286 4420 Lipsiae,
1300 4358 1382 4409 1827.

228 4433 265 4486 df.
281 4433 382 4501 hallier,
396 4431 436 4486 De
450 4431 550 4486 Critiae
566 4433 691 4504 Tyranni
709 4433 783 4489 Vitae
795 4453 827 4489 ae
839 4434 959 4506 dereptis.
974 4435 1099 4506 Parata,
1116 4439 1183 4495 1875
1196 4458 1202 4492 :
1222 4437 1375 4496 Sehleioher

226 4520 335 4575 Ir'rt'tt'as
347 4539 396 4574 oon
409 4519 504 4575 Attea.
520 4521 642 4594 Rostoek‚
658 4524 735 4580 1876.

264 4607 274 4638 ⁶
289 4608 452 4662 Testimonia
465 4609 594 4680 Antiqua,
609 4611 656 4664 IV.
670 4615 693 4665 2.
