<?xml version="1.0" encoding="UTF-8"?>
<!DOCTYPE html PUBLIC "-//W3C//DTD XHTML 1.0 Transitional//EN"
    "http://www.w3.org/TR/xhtml1/DTD/xhtml1-transitional.dtd">
<html xmlns="http://www.w3.org/1999/xhtml" xml:lang="en" lang="en">
 <head>
  <title>
</title>
<meta http-equiv="Content-Type" content="text/html;charset=utf-8" />
  <meta name='ocr-system' content='tesseract 3.04.00' />
  <meta name='ocr-capabilities' content='ocr_page ocr_carea ocr_par ocr_line ocrx_word'/>
</head>
<body>
  <div class='ocr_page' id='page_1' title='image "./decritiaeoperib00patrgoog_0034.png"; bbox 0 0 3018 5058; ppageno 0'>
   <div class='ocr_carea' id='block_1_1' title="bbox 664 427 704 490">
    <p class='ocr_par' dir='ltr' id='par_1_1' title="bbox 664 427 704 490">
     <span class='ocr_line' id='line_1_1' title="bbox 664 427 704 490; baseline 0.05 -2"><span class='ocrx_word' id='word_1_1' title='bbox 664 427 704 490; x_wconf 83' lang='lat'>23</span> 
     </span>
    </p>
   </div>
   <div class='ocr_carea' id='block_1_2' title="bbox 103 599 1303 4427">
    <p class='ocr_par' dir='ltr' id='par_1_2' title="bbox 111 599 1258 1084">
     <span class='ocr_line' id='line_1_2' title="bbox 113 599 1256 687; baseline -0.006 -19"><span class='ocrx_word' id='word_1_2' title='bbox 113 603 309 687; x_wconf 85' lang='lat' dir='ltr'>colloquium</span> <span class='ocrx_word' id='word_1_3' title='bbox 324 604 408 667; x_wconf 90' lang='lat' dir='ltr'>inter</span> <span class='ocrx_word' id='word_1_4' title='bbox 424 604 587 666; x_wconf 82' lang='lat' dir='ltr'><strong>Socratem</strong></span> <span class='ocrx_word' id='word_1_5' title='bbox 603 605 636 663; x_wconf 91' lang='lat' dir='ltr'>et</span> <span class='ocrx_word' id='word_1_6' title='bbox 660 608 869 682; x_wconf 90' lang='lat' dir='ltr'>tyrannorum</span> <span class='ocrx_word' id='word_1_7' title='bbox 885 599 1045 683; x_wconf 86' lang='lat' dir='ltr'>principes</span> <span class='ocrx_word' id='word_1_8' title='bbox 1061 599 1202 662; x_wconf 86' lang='lat' dir='ltr'>maxima</span> <span class='ocrx_word' id='word_1_9' title='bbox 1217 620 1256 662; x_wconf 88' lang='lat' dir='ltr'>ex</span> 
     </span>
     <span class='ocr_line' id='line_1_3' title="bbox 112 703 1256 792; baseline -0.008 -20"><span class='ocrx_word' id='word_1_10' title='bbox 112 715 203 792; x_wconf 87' lang='lat' dir='ltr'>parte</span> <span class='ocrx_word' id='word_1_11' title='bbox 218 729 281 770; x_wconf 91' lang='lat' dir='ltr'>non</span> <span class='ocrx_word' id='word_1_12' title='bbox 298 729 317 770; x_wconf 90' lang='lat' dir='ltr'>a</span> <span class='ocrx_word' id='word_1_13' title='bbox 334 706 436 770; x_wconf 85' lang='lat' dir='ltr'>Oritia</span> <span class='ocrx_word' id='word_1_14' title='bbox 451 704 506 769; x_wconf 90' lang='lat' dir='ltr'>sed</span> <span class='ocrx_word' id='word_1_15' title='bbox 529 725 548 768; x_wconf 92' lang='lat' dir='ltr'>a</span> <span class='ocrx_word' id='word_1_16' title='bbox 572 703 717 768; x_wconf 81' lang='lat' dir='ltr'>Chariclo</span> <span class='ocrx_word' id='word_1_17' title='bbox 741 704 927 778; x_wconf 78' lang='lat' dir='ltr'>sustinetur,</span> <span class='ocrx_word' id='word_1_18' title='bbox 942 703 989 765; x_wconf 90' lang='lat' dir='ltr'>ita</span> <span class='ocrx_word' id='word_1_19' title='bbox 1004 710 1049 778; x_wconf 91' lang='lat' dir='ltr'>ut,</span> <span class='ocrx_word' id='word_1_20' title='bbox 1066 703 1093 766; x_wconf 91' lang='lat' dir='ltr'>si</span> <span class='ocrx_word' id='word_1_21' title='bbox 1109 725 1126 767; x_wconf 90' lang='lat' dir='ltr'>e</span> <span class='ocrx_word' id='word_1_22' title='bbox 1142 725 1175 767; x_wconf 91' lang='lat' dir='ltr'>re</span> <span class='ocrx_word' id='word_1_23' title='bbox 1191 710 1256 765; x_wconf 87' lang='lat' dir='ltr'>tarn</span> 
     </span>
     <span class='ocr_line' id='line_1_4' title="bbox 112 806 1258 894; baseline -0.003 -19"><span class='ocrx_word' id='word_1_24' title='bbox 112 812 177 876; x_wconf 91' lang='lat' dir='ltr'>levi</span> <span class='ocrx_word' id='word_1_25' title='bbox 204 811 326 894; x_wconf 90' lang='lat' dir='ltr'>aliquid</span> <span class='ocrx_word' id='word_1_26' title='bbox 354 810 500 893; x_wconf 84' lang='lat' dir='ltr'>colligere</span> <span class='ocrx_word' id='word_1_27' title='bbox 527 807 631 882; x_wconf 89' lang='lat' dir='ltr'>liceat,</span> <span class='ocrx_word' id='word_1_28' title='bbox 658 828 724 870; x_wconf 92' lang='lat' dir='ltr'>non</span> <span class='ocrx_word' id='word_1_29' title='bbox 750 808 872 870; x_wconf 88' lang='lat' dir='ltr'>minore</span> <span class='ocrx_word' id='word_1_30' title='bbox 899 806 1125 890; x_wconf 75' lang='lat' dir='ltr'>probabilitate</span> <span class='ocrx_word' id='word_1_31' title='bbox 1154 807 1258 871; x_wconf 83' lang='lat' dir='ltr'>dicere</span> 
     </span>
     <span class='ocr_line' id='line_1_5' title="bbox 113 910 1257 999; baseline -0.004 -19"><span class='ocrx_word' id='word_1_32' title='bbox 113 917 279 999; x_wconf 80' lang='lat' dir='ltr'>possimne,</span> <span class='ocrx_word' id='word_1_33' title='bbox 306 914 440 979; x_wconf 84' lang='lat' dir='ltr'>Critiam</span> <span class='ocrx_word' id='word_1_34' title='bbox 465 913 584 996; x_wconf 91' lang='lat' dir='ltr'>pudore</span> <span class='ocrx_word' id='word_1_35' title='bbox 609 911 747 995; x_wconf 90' lang='lat' dir='ltr'>quodam</span> <span class='ocrx_word' id='word_1_36' title='bbox 773 911 932 985; x_wconf 84' lang='lat' dir='ltr'>affectum,</span> <span class='ocrx_word' id='word_1_37' title='bbox 954 910 1115 993; x_wconf 89' lang='lat' dir='ltr'>loquentis</span> <span class='ocrx_word' id='word_1_38' title='bbox 1141 933 1257 975; x_wconf 92' lang='lat' dir='ltr'>munus</span> 
     </span>
     <span class='ocr_line' id='line_1_6' title="bbox 111 1019 441 1084; baseline -0.006 -1"><span class='ocrx_word' id='word_1_39' title='bbox 111 1019 251 1084; x_wconf 82' lang='lat' dir='ltr'>Charicli</span> <span class='ocrx_word' id='word_1_40' title='bbox 265 1019 441 1082; x_wconf 80' lang='lat' dir='ltr'>tradidisse.</span> 
     </span>
    </p>

    <p class='ocr_par' dir='ltr' id='par_1_3' title="bbox 103 1117 1303 3175">
     <span class='ocr_line' id='line_1_7' title="bbox 154 1117 1257 1204; baseline -0.004 -18"><span class='ocrx_word' id='word_1_41' title='bbox 154 1123 303 1187; x_wconf 79' lang='lat' dir='ltr'>Ceterum</span> <span class='ocrx_word' id='word_1_42' title='bbox 329 1142 414 1185; x_wconf 90' lang='lat' dir='ltr'>nunc</span> <span class='ocrx_word' id='word_1_43' title='bbox 438 1119 657 1204; x_wconf 89' lang='lat' dir='ltr'>quaerendum</span> <span class='ocrx_word' id='word_1_44' title='bbox 681 1127 731 1183; x_wconf 91' lang='lat' dir='ltr'>est</span> <span class='ocrx_word' id='word_1_45' title='bbox 746 1139 810 1202; x_wconf 91' lang='lat' dir='ltr'>quo</span> <span class='ocrx_word' id='word_1_46' title='bbox 836 1117 969 1183; x_wconf 91' lang='lat' dir='ltr'>consilio</span> <span class='ocrx_word' id='word_1_47' title='bbox 993 1118 1109 1182; x_wconf 81' lang='lat' dir='ltr'>Critias</span> <span class='ocrx_word' id='word_1_48' title='bbox 1130 1139 1257 1202; x_wconf 91' lang='lat' dir='ltr'>operam</span> 
     </span>
     <span class='ocr_line' id='line_1_8' title="bbox 109 1221 1257 1310; baseline -0.003 -20"><span class='ocrx_word' id='word_1_49' title='bbox 109 1232 232 1290; x_wconf 90' lang='lat' dir='ltr'>tantam</span> <span class='ocrx_word' id='word_1_50' title='bbox 245 1224 464 1310; x_wconf 89' lang='lat' dir='ltr'>philosophiae</span> <span class='ocrx_word' id='word_1_51' title='bbox 477 1223 583 1288; x_wconf 91' lang='lat' dir='ltr'>studio</span> <span class='ocrx_word' id='word_1_52' title='bbox 596 1222 726 1286; x_wconf 90' lang='lat' dir='ltr'>dederit.</span> <span class='ocrx_word' id='word_1_53' title='bbox 757 1221 999 1305; x_wconf 88' lang='lat' dir='ltr'>Temperantiae</span> <span class='ocrx_word' id='word_1_54' title='bbox 1009 1221 1129 1296; x_wconf 91' lang='lat' dir='ltr'>laudes,</span> <span class='ocrx_word' id='word_1_55' title='bbox 1139 1223 1257 1305; x_wconf 89' lang='lat' dir='ltr'>quihus</span> 
     </span>
     <span class='ocr_line' id='line_1_9' title="bbox 108 1325 1275 1412; baseline -0.003 -19"><span class='ocrx_word' id='word_1_56' title='bbox 108 1350 203 1412; x_wconf 89' lang='lat' dir='ltr'>opera</span> <span class='ocrx_word' id='word_1_57' title='bbox 234 1329 303 1411; x_wconf 90' lang='lat' dir='ltr'>ejus</span> <span class='ocrx_word' id='word_1_58' title='bbox 334 1326 508 1403; x_wconf 90' lang='lat' dir='ltr'>abundant,</span> <span class='ocrx_word' id='word_1_59' title='bbox 530 1326 608 1390; x_wconf 90' lang='lat' dir='ltr'>satis</span> <span class='ocrx_word' id='word_1_60' title='bbox 635 1325 818 1400; x_wconf 90' lang='lat' dir='ltr'>ostendunt,</span> <span class='ocrx_word' id='word_1_61' title='bbox 842 1346 915 1389; x_wconf 91' lang='lat' dir='ltr'>eum</span> <span class='ocrx_word' id='word_1_62' title='bbox 943 1325 1086 1409; x_wconf 82' lang='lat' dir='ltr'>magistri</span> <span class='ocrx_word' id='word_1_63' title='bbox 1116 1326 1275 1406; x_wconf 36' lang='lat' dir='ltr'>indolem,</span> 
     </span>
     <span class='ocr_line' id='line_1_10' title="bbox 109 1429 1258 1520; baseline -0.003 -23"><span class='ocrx_word' id='word_1_64' title='bbox 109 1432 202 1520; x_wconf 72' lang='lat' dir='ltr'>ualde</span> <span class='ocrx_word' id='word_1_65' title='bbox 225 1433 419 1496; x_wconf 90' lang='lat' dir='ltr'>admiratum</span> <span class='ocrx_word' id='word_1_66' title='bbox 443 1451 520 1495; x_wconf 88' lang='lat' dir='ltr'>esse.</span> <span class='ocrx_word' id='word_1_67' title='bbox 567 1429 703 1494; x_wconf 87' lang='lat' dir='ltr'>Silentia</span> <span class='ocrx_word' id='word_1_68' title='bbox 728 1436 837 1493; x_wconf 87' lang='lat' dir='ltr'>tamen</span> <span class='ocrx_word' id='word_1_69' title='bbox 863 1429 1008 1493; x_wconf 88' lang='lat' dir='ltr'>Platonis</span> <span class='ocrx_word' id='word_1_70' title='bbox 1033 1430 1258 1514; x_wconf 85' lang='lat' dir='ltr'>Xenophontis</span> 
     </span>
     <span class='ocr_line' id='line_1_11' title="bbox 103 1533 1258 1621; baseline -0.003 -20"><span class='ocrx_word' id='word_1_71' title='bbox 103 1537 264 1621; x_wconf 90' lang='lat' dir='ltr'>judicium</span> <span class='ocrx_word' id='word_1_72' title='bbox 280 1536 494 1610; x_wconf 86' lang='lat' dir='ltr'>confirmatur,</span> <span class='ocrx_word' id='word_1_73' title='bbox 510 1534 567 1619; x_wconf 91' lang='lat' dir='ltr'>qui</span> <span class='ocrx_word' id='word_1_74' title='bbox 583 1540 679 1618; x_wconf 88' lang='lat' dir='ltr'>negat</span> <span class='ocrx_word' id='word_1_75' title='bbox 696 1533 831 1598; x_wconf 82' lang='lat' dir='ltr'>Critiam</span> <span class='ocrx_word' id='word_1_76' title='bbox 847 1553 972 1596; x_wconf 88' lang='lat' dir='ltr'>severos</span> <span class='ocrx_word' id='word_1_77' title='bbox 991 1533 1129 1597; x_wconf 91' lang='lat' dir='ltr'>Socratis</span> <span class='ocrx_word' id='word_1_78' title='bbox 1147 1555 1258 1610; x_wconf 88' lang='lat' dir='ltr'>mores,</span> 
     </span>
     <span class='ocr_line' id='line_1_12' title="bbox 107 1637 1258 1722; baseline -0.002 -18"><span class='ocrx_word' id='word_1_79' title='bbox 107 1641 169 1704; x_wconf 88' lang='lat' dir='ltr'>sibi</span> <span class='ocrx_word' id='word_1_80' title='bbox 192 1639 365 1704; x_wconf 90' lang='lat' dir='ltr'>imitandos</span> <span class='ocrx_word' id='word_1_81' title='bbox 388 1658 542 1722; x_wconf 84' lang='lat' dir='ltr'>umquam</span> <span class='ocrx_word' id='word_1_82' title='bbox 567 1637 774 1721; x_wconf 89' lang='lat' dir='ltr'>proposuisse.</span> <span class='ocrx_word' id='word_1_83' title='bbox 823 1637 911 1714; x_wconf 78' lang='lat' dir='ltr'>Quae</span> <span class='ocrx_word' id='word_1_84' title='bbox 934 1637 968 1699; x_wconf 93' lang='lat' dir='ltr'>in</span> <span class='ocrx_word' id='word_1_85' title='bbox 994 1637 1171 1701; x_wconf 73' lang='lat' dir='ltr'>Charmada</span> <span class='ocrx_word' id='word_1_86' title='bbox 1195 1638 1258 1702; x_wconf 91' lang='lat' dir='ltr'>dis·</span> 
     </span>
     <span class='ocr_line' id='line_1_13' title="bbox 107 1740 1258 1828; baseline -0.001 -21"><span class='ocrx_word' id='word_1_87' title='bbox 107 1750 203 1828; x_wconf 90' lang='lat' dir='ltr'>putat</span> <span class='ocrx_word' id='word_1_88' title='bbox 219 1743 434 1826; x_wconf 90' lang='lat' dir='ltr'>sophistarum</span> <span class='ocrx_word' id='word_1_89' title='bbox 450 1742 521 1804; x_wconf 86' lang='lat' dir='ltr'>labe</span> <span class='ocrx_word' id='word_1_90' title='bbox 542 1741 662 1804; x_wconf 85' lang='lat' dir='ltr'>infecta</span> <span class='ocrx_word' id='word_1_91' title='bbox 682 1746 768 1816; x_wconf 89' lang='lat' dir='ltr'>sunt,</span> <span class='ocrx_word' id='word_1_92' title='bbox 784 1761 888 1823; x_wconf 88' lang='lat' dir='ltr'>neque</span> <span class='ocrx_word' id='word_1_93' title='bbox 904 1740 1105 1824; x_wconf 84' lang='lat' dir='ltr'>perspexisse</span> <span class='ocrx_word' id='word_1_94' title='bbox 1123 1741 1258 1818; x_wconf 92' lang='lat' dir='ltr'>videtur,</span> 
     </span>
     <span class='ocr_line' id='line_1_14' title="bbox 106 1845 1257 1932; baseline -0.002 -20"><span class='ocrx_word' id='word_1_95' title='bbox 106 1855 230 1932; x_wconf 89' lang='lat' dir='ltr'>quanto</span> <span class='ocrx_word' id='word_1_96' title='bbox 273 1848 417 1912; x_wconf 86' lang='lat' dir='ltr'>Socrates</span> <span class='ocrx_word' id='word_1_97' title='bbox 459 1845 525 1909; x_wconf 91' lang='lat' dir='ltr'>illis</span> <span class='ocrx_word' id='word_1_98' title='bbox 565 1845 741 1928; x_wconf 90' lang='lat' dir='ltr'>sapientiae</span> <span class='ocrx_word' id='word_1_99' title='bbox 781 1845 1012 1929; x_wconf 87' lang='lat' dir='ltr'>professoribus</span> <span class='ocrx_word' id='word_1_100' title='bbox 1054 1847 1257 1928; x_wconf 89' lang='lat' dir='ltr'>praestiterit.</span> 
     </span>
     <span class='ocr_line' id='line_1_15' title="bbox 107 1947 1256 2034; baseline -0.002 -20"><span class='ocrx_word' id='word_1_101' title='bbox 107 1953 224 2034; x_wconf 90' lang='lat' dir='ltr'>ltaque</span> <span class='ocrx_word' id='word_1_102' title='bbox 234 1951 472 2015; x_wconf 82' lang='lat' dir='ltr'>concedendurn</span> <span class='ocrx_word' id='word_1_103' title='bbox 482 1956 532 2013; x_wconf 90' lang='lat' dir='ltr'>est</span> <span class='ocrx_word' id='word_1_104' title='bbox 543 1971 617 2014; x_wconf 89' lang='lat' dir='ltr'>eum</span> <span class='ocrx_word' id='word_1_105' title='bbox 628 1949 729 2032; x_wconf 85' lang='lat' dir='ltr'>magis</span> <span class='ocrx_word' id='word_1_106' title='bbox 739 1954 869 2032; x_wconf 89' lang='lat' dir='ltr'>propter</span> <span class='ocrx_word' id='word_1_107' title='bbox 883 1947 1069 2012; x_wconf 90' lang='lat' dir='ltr'>dialecticae</span> <span class='ocrx_word' id='word_1_108' title='bbox 1082 1949 1256 2012; x_wconf 88' lang='lat' dir='ltr'>novitatem</span> 
     </span>
     <span class='ocr_line' id='line_1_16' title="bbox 106 2051 1258 2140; baseline -0.002 -22"><span class='ocrx_word' id='word_1_109' title='bbox 106 2076 204 2140; x_wconf 90' lang='lat' dir='ltr'>quam</span> <span class='ocrx_word' id='word_1_110' title='bbox 228 2055 359 2119; x_wconf 88' lang='lat' dir='ltr'>virtutis</span> <span class='ocrx_word' id='word_1_111' title='bbox 382 2054 552 2118; x_wconf 87' lang='lat' dir='ltr'>discendae</span> <span class='ocrx_word' id='word_1_112' title='bbox 579 2074 675 2117; x_wconf 87' lang='lat' dir='ltr'>causa</span> <span class='ocrx_word' id='word_1_113' title='bbox 701 2074 735 2116; x_wconf 90' lang='lat' dir='ltr'>se</span> <span class='ocrx_word' id='word_1_114' title='bbox 763 2053 884 2116; x_wconf 89' lang='lat' dir='ltr'>Socrati</span> <span class='ocrx_word' id='word_1_115' title='bbox 908 2051 1119 2135; x_wconf 89' lang='lat' dir='ltr'>applicuisse;</span> <span class='ocrx_word' id='word_1_116' title='bbox 1151 2054 1258 2117; x_wconf 92' lang='lat' dir='ltr'>Xeno-</span> 
     </span>
     <span class='ocr_line' id='line_1_17' title="bbox 107 2156 1258 2244; baseline -0.002 -22"><span class='ocrx_word' id='word_1_117' title='bbox 107 2158 222 2244; x_wconf 93' lang='lat' dir='ltr'>phonti</span> <span class='ocrx_word' id='word_1_118' title='bbox 260 2164 371 2222; x_wconf 90' lang='lat' dir='ltr'>tamen</span> <span class='ocrx_word' id='word_1_119' title='bbox 409 2179 474 2222; x_wconf 91' lang='lat' dir='ltr'>non</span> <span class='ocrx_word' id='word_1_120' title='bbox 512 2157 632 2221; x_wconf 89' lang='lat' dir='ltr'>idcirco</span> <span class='ocrx_word' id='word_1_121' title='bbox 672 2156 820 2220; x_wconf 86' lang='lat' dir='ltr'>assentiri</span> <span class='ocrx_word' id='word_1_122' title='bbox 859 2156 1011 2221; x_wconf 90' lang='lat' dir='ltr'>debemus</span> <span class='ocrx_word' id='word_1_123' title='bbox 1043 2157 1258 2235; x_wconf 89' lang='lat' dir='ltr'>contendenti,</span> 
     </span>
     <span class='ocr_line' id='line_1_18' title="bbox 107 2260 1259 2344; baseline -0.002 -17"><span class='ocrx_word' id='word_1_124' title='bbox 107 2262 243 2327; x_wconf 86' lang='lat' dir='ltr'>Critiam</span> <span class='ocrx_word' id='word_1_125' title='bbox 266 2262 341 2326; x_wconf 92' lang='lat' dir='ltr'>inde</span> <span class='ocrx_word' id='word_1_126' title='bbox 363 2262 405 2325; x_wconf 89' lang='lat' dir='ltr'>ab</span> <span class='ocrx_word' id='word_1_127' title='bbox 430 2262 524 2325; x_wconf 89' lang='lat' dir='ltr'>initio</span> <span class='ocrx_word' id='word_1_128' title='bbox 547 2260 629 2323; x_wconf 92' lang='lat' dir='ltr'>nihil</span> <span class='ocrx_word' id='word_1_129' title='bbox 657 2260 720 2322; x_wconf 92' lang='lat' dir='ltr'>nisi</span> <span class='ocrx_word' id='word_1_130' title='bbox 744 2260 889 2343; x_wconf 90' lang='lat' dir='ltr'>publicos</span> <span class='ocrx_word' id='word_1_131' title='bbox 917 2260 1051 2324; x_wconf 88' lang='lat' dir='ltr'>honores</span> <span class='ocrx_word' id='word_1_132' title='bbox 1078 2261 1259 2344; x_wconf 89' lang='lat' dir='ltr'>eloquentia</span> 
     </span>
     <span class='ocr_line' id='line_1_19' title="bbox 107 2363 1259 2450; baseline -0.001 -20"><span class='ocrx_word' id='word_1_133' title='bbox 107 2366 284 2450; x_wconf 90' lang='lat' dir='ltr'>captandos</span> <span class='ocrx_word' id='word_1_134' title='bbox 300 2365 361 2429; x_wconf 91' lang='lat' dir='ltr'>sibi</span> <span class='ocrx_word' id='word_1_135' title='bbox 377 2365 587 2449; x_wconf 88' lang='lat' dir='ltr'>proposuisse.</span> <span class='ocrx_word' id='word_1_136' title='bbox 634 2363 746 2426; x_wconf 89' lang='lat' dir='ltr'>Potius</span> <span class='ocrx_word' id='word_1_137' title='bbox 763 2369 811 2426; x_wconf 88' lang='lat' dir='ltr'>est</span> <span class='ocrx_word' id='word_1_138' title='bbox 827 2363 1033 2427; x_wconf 88' lang='lat' dir='ltr'>statuendum</span> <span class='ocrx_word' id='word_1_139' title='bbox 1050 2364 1183 2427; x_wconf 82' lang='lat' dir='ltr'>Critiam</span> <span class='ocrx_word' id='word_1_140' title='bbox 1200 2365 1259 2429; x_wconf 88' lang='lat' dir='ltr'>hac</span> 
     </span>
     <span class='ocr_line' id='line_1_20' title="bbox 106 2467 1257 2552; baseline -0.002 -18"><span class='ocrx_word' id='word_1_141' title='bbox 106 2490 176 2534; x_wconf 90' lang='lat' dir='ltr'>rea</span> <span class='ocrx_word' id='word_1_142' title='bbox 197 2469 366 2533; x_wconf 87' lang='lat' dir='ltr'>Socraticis</span> <span class='ocrx_word' id='word_1_143' title='bbox 387 2469 500 2532; x_wconf 88' lang='lat' dir='ltr'>ceteris</span> <span class='ocrx_word' id='word_1_144' title='bbox 517 2467 707 2532; x_wconf 88' lang='lat' dir='ltr'>distinctum</span> <span class='ocrx_word' id='word_1_145' title='bbox 729 2487 806 2542; x_wconf 88' lang='lat' dir='ltr'>esse,</span> <span class='ocrx_word' id='word_1_146' title='bbox 822 2467 908 2550; x_wconf 91' lang='lat' dir='ltr'>quod</span> <span class='ocrx_word' id='word_1_147' title='bbox 930 2467 985 2532; x_wconf 90' lang='lat' dir='ltr'>ille</span> <span class='ocrx_word' id='word_1_148' title='bbox 1007 2488 1145 2552; x_wconf 89' lang='lat' dir='ltr'>operam,</span> <span class='ocrx_word' id='word_1_149' title='bbox 1161 2489 1257 2552; x_wconf 91' lang='lat' dir='ltr'>quam</span> 
     </span>
     <span class='ocr_line' id='line_1_21' title="bbox 106 2570 1258 2657; baseline -0.001 -20"><span class='ocrx_word' id='word_1_150' title='bbox 106 2575 142 2637; x_wconf 92' lang='lat' dir='ltr'>hi</span> <span class='ocrx_word' id='word_1_151' title='bbox 166 2573 385 2657; x_wconf 90' lang='lat' dir='ltr'>philosophiae</span> <span class='ocrx_word' id='word_1_152' title='bbox 409 2573 466 2637; x_wconf 93' lang='lat' dir='ltr'>uni</span> <span class='ocrx_word' id='word_1_153' title='bbox 489 2572 689 2647; x_wconf 88' lang='lat' dir='ltr'>dediderunt,</span> <span class='ocrx_word' id='word_1_154' title='bbox 709 2571 794 2634; x_wconf 90' lang='lat' dir='ltr'>inter</span> <span class='ocrx_word' id='word_1_155' title='bbox 816 2570 919 2634; x_wconf 90' lang='lat' dir='ltr'>multa</span> <span class='ocrx_word' id='word_1_156' title='bbox 943 2578 975 2635; x_wconf 91' lang='lat' dir='ltr'>et</span> <span class='ocrx_word' id='word_1_157' title='bbox 998 2573 1086 2636; x_wconf 89' lang='lat' dir='ltr'>varia</span> <span class='ocrx_word' id='word_1_158' title='bbox 1109 2574 1258 2637; x_wconf 90' lang='lat' dir='ltr'>studia-</span> 
     </span>
     <span class='ocr_line' id='line_1_22' title="bbox 106 2675 1259 2761; baseline -0.003 -18"><span class='ocrx_word' id='word_1_159' title='bbox 106 2679 272 2753; x_wconf 90' lang='lat' dir='ltr'>musicam,</span> <span class='ocrx_word' id='word_1_160' title='bbox 307 2677 438 2761; x_wconf 91' lang='lat' dir='ltr'>poesim,</span> <span class='ocrx_word' id='word_1_161' title='bbox 468 2676 669 2751; x_wconf 89' lang='lat' dir='ltr'>rhetoricam,</span> <span class='ocrx_word' id='word_1_162' title='bbox 700 2675 1072 2758; x_wconf 85' lang='lat' dir='ltr'>philologiam-divisit.</span> <span class='ocrx_word' id='word_1_163' title='bbox 1129 2678 1259 2742; x_wconf 90' lang='lat' dir='ltr'>Lallieri</span> 
     </span>
     <span class='ocr_line' id='line_1_23' title="bbox 105 2778 1258 2864; baseline -0.002 -17"><span class='ocrx_word' id='word_1_164' title='bbox 105 2782 268 2847; x_wconf 85' lang='lat' dir='ltr'>sententia</span> <span class='ocrx_word' id='word_1_165' title='bbox 299 2782 444 2846; x_wconf 87' lang='lat' dir='ltr'>Socrates</span> <span class='ocrx_word' id='word_1_166' title='bbox 475 2780 650 2846; x_wconf 87' lang='lat' dir='ltr'>odiumin</span> <span class='ocrx_word' id='word_1_167' title='bbox 680 2778 868 2864; x_wconf 89' lang='lat' dir='ltr'>popularem</span> <span class='ocrx_word' id='word_1_168' title='bbox 898 2780 1093 2863; x_wconf 87' lang='lat' dir='ltr'>reipublicae</span> <span class='ocrx_word' id='word_1_169' title='bbox 1124 2781 1258 2845; x_wconf 87' lang='lat' dir='ltr'>formam</span> 
     </span>
     <span class='ocr_line' id='line_1_24' title="bbox 106 2883 1303 2969; baseline -0.003 -16"><span class='ocrx_word' id='word_1_170' title='bbox 106 2887 228 2953; x_wconf 84' lang='lat' dir='ltr'>Critiae</span> <span class='ocrx_word' id='word_1_171' title='bbox 250 2885 442 2969; x_wconf 89' lang='lat' dir='ltr'>impertiit:l</span> <span class='ocrx_word' id='word_1_172' title='bbox 465 2885 551 2968; x_wconf 92' lang='lat' dir='ltr'>quod</span> <span class='ocrx_word' id='word_1_173' title='bbox 574 2905 633 2948; x_wconf 89' lang='lat' dir='ltr'>nec</span> <span class='ocrx_word' id='word_1_174' title='bbox 655 2904 769 2968; x_wconf 88' lang='lat' dir='ltr'>negare</span> <span class='ocrx_word' id='word_1_175' title='bbox 791 2905 850 2948; x_wconf 88' lang='lat' dir='ltr'>nec</span> <span class='ocrx_word' id='word_1_176' title='bbox 873 2883 1030 2948; x_wconf 88' lang='lat' dir='ltr'>affirmare</span> <span class='ocrx_word' id='word_1_177' title='bbox 1054 2886 1165 2963; x_wconf 89' lang='lat' dir='ltr'>ausim,</span> <span class='ocrx_word' id='word_1_178' title='bbox 1185 2907 1257 2950; x_wconf 87' lang='lat' dir='ltr'>curn</span> <span class='ocrx_word' id='word_1_179' title='bbox 1300 2935 1303 2942; x_wconf 89' lang='lat'>.</span> 
     </span>
     <span class='ocr_line' id='line_1_25' title="bbox 106 2987 1258 3072; baseline -0.003 -16"><span class='ocrx_word' id='word_1_180' title='bbox 106 2989 248 3056; x_wconf 86' lang='lat' dir='ltr'>Socratis</span> <span class='ocrx_word' id='word_1_181' title='bbox 270 2987 422 3072; x_wconf 90' lang='lat' dir='ltr'>discipuli</span> <span class='ocrx_word' id='word_1_182' title='bbox 448 2989 502 3052; x_wconf 93' lang='lat' dir='ltr'>alii</span> <span class='ocrx_word' id='word_1_183' title='bbox 531 2989 625 3054; x_wconf 87' lang='lat' dir='ltr'>aliter</span> <span class='ocrx_word' id='word_1_184' title='bbox 647 2988 686 3052; x_wconf 88' lang='lat' dir='ltr'>de</span> <span class='ocrx_word' id='word_1_185' title='bbox 709 2987 874 3070; x_wconf 89' lang='lat' dir='ltr'>republica</span> <span class='ocrx_word' id='word_1_186' title='bbox 893 2988 1121 3070; x_wconf 88' lang='lat' dir='ltr'>judicaverint.</span> <span class='ocrx_word' id='word_1_187' title='bbox 1168 2991 1258 3053; x_wconf 90' lang='lat' dir='ltr'>Non-</span> 
     </span>
     <span class='ocr_line' id='line_1_26' title="bbox 104 3091 1159 3175; baseline -0.001 -17"><span class='ocrx_word' id='word_1_188' title='bbox 104 3092 192 3158; x_wconf 89' lang='lat' dir='ltr'>nulli</span> <span class='ocrx_word' id='word_1_189' title='bbox 208 3091 302 3168; x_wconf 92' lang='lat' dir='ltr'>enim,</span> <span class='ocrx_word' id='word_1_190' title='bbox 318 3092 367 3155; x_wconf 91' lang='lat' dir='ltr'>nti</span> <span class='ocrx_word' id='word_1_191' title='bbox 384 3091 603 3175; x_wconf 87' lang='lat' dir='ltr'>Chaerephon,</span> <span class='ocrx_word' id='word_1_192' title='bbox 618 3091 858 3175; x_wconf 86' lang='lat' dir='ltr'>apopularium</span> <span class='ocrx_word' id='word_1_193' title='bbox 873 3093 1019 3175; x_wconf 90' lang='lat' dir='ltr'>partibus</span> <span class='ocrx_word' id='word_1_194' title='bbox 1035 3098 1159 3158; x_wconf 88' lang='lat' dir='ltr'>stetere.</span> 
     </span>
    </p>

    <p class='ocr_par' dir='ltr' id='par_1_4' title="bbox 104 3195 1262 4427">
     <span class='ocr_line' id='line_1_27' title="bbox 152 3195 1259 3275; baseline 0.002 -15"><span class='ocrx_word' id='word_1_195' title='bbox 152 3195 333 3274; x_wconf 82' lang='lat' dir='ltr'>Quomodo</span> <span class='ocrx_word' id='word_1_196' title='bbox 353 3196 427 3260; x_wconf 90' lang='lat' dir='ltr'>finis</span> <span class='ocrx_word' id='word_1_197' title='bbox 444 3196 563 3260; x_wconf 83' lang='lat' dir='ltr'>Critiae</span> <span class='ocrx_word' id='word_1_198' title='bbox 583 3205 617 3260; x_wconf 91' lang='lat' dir='ltr'>et</span> <span class='ocrx_word' id='word_1_199' title='bbox 638 3196 776 3260; x_wconf 87' lang='lat' dir='ltr'>Socratis</span> <span class='ocrx_word' id='word_1_200' title='bbox 798 3195 1012 3260; x_wconf 88' lang='lat' dir='ltr'>familiaritati</span> <span class='ocrx_word' id='word_1_201' title='bbox 1033 3198 1137 3262; x_wconf 84' lang='lat' dir='ltr'>lactus</span> <span class='ocrx_word' id='word_1_202' title='bbox 1152 3199 1203 3275; x_wconf 93' lang='lat' dir='ltr'>sit,</span> <span class='ocrx_word' id='word_1_203' title='bbox 1220 3219 1259 3262; x_wconf 88' lang='lat' dir='ltr'>ne</span> 
     </span>
     <span class='ocr_line' id='line_1_28' title="bbox 104 3299 1258 3384; baseline -0.003 -15"><span class='ocrx_word' id='word_1_204' title='bbox 104 3323 174 3369; x_wconf 91' lang='lat' dir='ltr'>uno</span> <span class='ocrx_word' id='word_1_205' title='bbox 189 3299 321 3384; x_wconf 90' lang='lat' dir='ltr'>quidem</span> <span class='ocrx_word' id='word_1_206' title='bbox 337 3300 433 3363; x_wconf 91' lang='lat' dir='ltr'>verbo</span> <span class='ocrx_word' id='word_1_207' title='bbox 450 3321 469 3363; x_wconf 88' lang='lat' dir='ltr'>a</span> <span class='ocrx_word' id='word_1_208' title='bbox 484 3300 619 3364; x_wconf 90' lang='lat' dir='ltr'>Platone</span> <span class='ocrx_word' id='word_1_209' title='bbox 635 3300 803 3377; x_wconf 89' lang='lat' dir='ltr'>indicatur,</span> <span class='ocrx_word' id='word_1_210' title='bbox 823 3320 927 3382; x_wconf 89' lang='lat' dir='ltr'>neque</span> <span class='ocrx_word' id='word_1_211' title='bbox 941 3300 1019 3364; x_wconf 91' lang='lat' dir='ltr'>satis</span> <span class='ocrx_word' id='word_1_212' title='bbox 1035 3301 1120 3365; x_wconf 87' lang='lat' dir='ltr'>inter</span> <span class='ocrx_word' id='word_1_213' title='bbox 1135 3323 1168 3366; x_wconf 92' lang='lat' dir='ltr'>se</span> <span class='ocrx_word' id='word_1_214' title='bbox 1184 3323 1258 3366; x_wconf 91' lang='lat' dir='ltr'>con·</span> 
     </span>
     <span class='ocr_line' id='line_1_29' title="bbox 104 3404 1259 3490; baseline -0.001 -19"><span class='ocrx_word' id='word_1_215' title='bbox 104 3407 230 3471; x_wconf 88' lang='lat' dir='ltr'>sistunt</span> <span class='ocrx_word' id='word_1_216' title='bbox 242 3425 323 3488; x_wconf 88' lang='lat' dir='ltr'>quae</span> <span class='ocrx_word' id='word_1_217' title='bbox 339 3404 520 3488; x_wconf 89' lang='lat' dir='ltr'>Xenophon</span> <span class='ocrx_word' id='word_1_218' title='bbox 532 3405 571 3468; x_wconf 88' lang='lat' dir='ltr'>de</span> <span class='ocrx_word' id='word_1_219' title='bbox 587 3405 648 3468; x_wconf 90' lang='lat' dir='ltr'>hac</span> <span class='ocrx_word' id='word_1_220' title='bbox 663 3426 697 3469; x_wconf 88' lang='lat' dir='ltr'>re</span> <span class='ocrx_word' id='word_1_221' title='bbox 712 3406 819 3469; x_wconf 86' lang='lat' dir='ltr'>tradit.</span> <span class='ocrx_word' id='word_1_222' title='bbox 865 3405 1009 3468; x_wconf 89' lang='lat' dir='ltr'>Primum</span> <span class='ocrx_word' id='word_1_223' title='bbox 1022 3405 1108 3469; x_wconf 92' lang='lat' dir='ltr'>enim</span> <span class='ocrx_word' id='word_1_224' title='bbox 1123 3407 1259 3490; x_wconf 87' lang='lat' dir='ltr'>legimus</span> 
     </span>
     <span class='ocr_line' id='line_1_30' title="bbox 105 3508 1258 3592; baseline -0.001 -18"><span class='ocrx_word' id='word_1_225' title='bbox 105 3509 245 3574; x_wconf 83' lang='lat' dir='ltr'>Critiam</span> <span class='ocrx_word' id='word_1_226' title='bbox 261 3509 413 3572; x_wconf 85' lang='lat' dir='ltr'>continuo</span> <span class='ocrx_word' id='word_1_227' title='bbox 430 3529 448 3572; x_wconf 90' lang='lat' dir='ltr'>a</span> <span class='ocrx_word' id='word_1_228' title='bbox 465 3509 603 3573; x_wconf 90' lang='lat' dir='ltr'>Socratis</span> <span class='ocrx_word' id='word_1_229' title='bbox 619 3509 769 3573; x_wconf 87' lang='lat' dir='ltr'>societate</span> <span class='ocrx_word' id='word_1_230' title='bbox 785 3508 825 3572; x_wconf 86' lang='lat' dir='ltr'>ad</span> <span class='ocrx_word' id='word_1_231' title='bbox 841 3508 1073 3592; x_wconf 88' lang='lat' dir='ltr'>rempublicam</span> <span class='ocrx_word' id='word_1_232' title='bbox 1088 3510 1258 3592; x_wconf 86' lang='lat' dir='ltr'>gerendam</span> 
     </span>
     <span class='ocr_line' id='line_1_31' title="bbox 104 3611 1258 3697; baseline -0.001 -19"><span class='ocrx_word' id='word_1_233' title='bbox 104 3611 295 3678; x_wconf 84' lang='lat' dir='ltr'>transiisse.¹</span> <span class='ocrx_word' id='word_1_234' title='bbox 340 3613 455 3696; x_wconf 90' lang='lat' dir='ltr'>Itaque</span> <span class='ocrx_word' id='word_1_235' title='bbox 471 3633 544 3676; x_wconf 90' lang='lat' dir='ltr'>cum</span> <span class='ocrx_word' id='word_1_236' title='bbox 561 3613 600 3676; x_wconf 89' lang='lat' dir='ltr'>ad</span> <span class='ocrx_word' id='word_1_237' title='bbox 624 3613 855 3697; x_wconf 88' lang='lat' dir='ltr'>rempublicam</span> <span class='ocrx_word' id='word_1_238' title='bbox 878 3634 942 3676; x_wconf 92' lang='lat' dir='ltr'>non</span> <span class='ocrx_word' id='word_1_239' title='bbox 966 3619 1040 3676; x_wconf 88' lang='lat' dir='ltr'>ante</span> <span class='ocrx_word' id='word_1_240' title='bbox 1056 3633 1178 3677; x_wconf 90' lang='lat' dir='ltr'>annum</span> <span class='ocrx_word' id='word_1_241' title='bbox 1195 3615 1258 3678; x_wconf 86' lang='lat'>415</span> 
     </span>
     <span class='ocr_line' id='line_1_32' title="bbox 104 3717 1259 3802; baseline 0 -20"><span class='ocrx_word' id='word_1_242' title='bbox 104 3717 280 3782; x_wconf 84' lang='lat' dir='ltr'>accessisse</span> <span class='ocrx_word' id='word_1_243' title='bbox 301 3717 455 3794; x_wconf 89' lang='lat' dir='ltr'>videatur,</span> <span class='ocrx_word' id='word_1_244' title='bbox 471 3738 508 3782; x_wconf 90' lang='lat' dir='ltr'>eo</span> <span class='ocrx_word' id='word_1_245' title='bbox 524 3717 672 3782; x_wconf 85' lang='lat' dir='ltr'>ducimur</span> <span class='ocrx_word' id='word_1_246' title='bbox 687 3723 724 3780; x_wconf 89' lang='lat' dir='ltr'>ut</span> <span class='ocrx_word' id='word_1_247' title='bbox 739 3724 926 3794; x_wconf 88' lang='lat' dir='ltr'>statuamus,</span> <span class='ocrx_word' id='word_1_248' title='bbox 944 3717 1075 3782; x_wconf 86' lang='lat' dir='ltr'>Oritiam</span> <span class='ocrx_word' id='word_1_249' title='bbox 1098 3739 1199 3802; x_wconf 92' lang='lat' dir='ltr'>usque</span> <span class='ocrx_word' id='word_1_250' title='bbox 1220 3720 1259 3782; x_wconf 93' lang='lat' dir='ltr'>ad</span> 
     </span>
     <span class='ocr_line' id='line_1_33' title="bbox 104 3820 1261 3905; baseline 0.001 -20"><span class='ocrx_word' id='word_1_251' title='bbox 104 3822 171 3885; x_wconf 92' lang='lat' dir='ltr'>hoc</span> <span class='ocrx_word' id='word_1_252' title='bbox 187 3827 314 3904; x_wconf 86' lang='lat' dir='ltr'>tempus</span> <span class='ocrx_word' id='word_1_253' title='bbox 330 3820 416 3905; x_wconf 90' lang='lat' dir='ltr'>apud</span> <span class='ocrx_word' id='word_1_254' title='bbox 431 3822 595 3886; x_wconf 89' lang='lat' dir='ltr'>Socratem</span> <span class='ocrx_word' id='word_1_255' title='bbox 612 3823 773 3886; x_wconf 88' lang='lat' dir='ltr'>mansisse.</span> <span class='ocrx_word' id='word_1_256' title='bbox 820 3822 883 3886; x_wconf 90' lang='lat' dir='ltr'>Sed</span> <span class='ocrx_word' id='word_1_257' title='bbox 897 3822 1007 3905; x_wconf 90' lang='lat' dir='ltr'>paullo</span> <span class='ocrx_word' id='word_1_258' title='bbox 1023 3821 1108 3886; x_wconf 86' lang='lat' dir='ltr'>infra</span> <span class='ocrx_word' id='word_1_259' title='bbox 1123 3823 1261 3887; x_wconf 90' lang='lat' dir='ltr'>traditur</span> 
     </span>
     <span class='ocr_line' id='line_1_34' title="bbox 104 3925 1261 4010; baseline 0.003 -22"><span class='ocrx_word' id='word_1_260' title='bbox 104 3927 207 3989; x_wconf 88' lang='lat' dir='ltr'>finem</span> <span class='ocrx_word' id='word_1_261' title='bbox 224 3946 289 3988; x_wconf 92' lang='lat' dir='ltr'>non</span> <span class='ocrx_word' id='word_1_262' title='bbox 311 3925 405 4010; x_wconf 86' lang='lat' dir='ltr'>longo</span> <span class='ocrx_word' id='word_1_263' title='bbox 426 3925 596 3990; x_wconf 89' lang='lat' dir='ltr'>intervallo</span> <span class='ocrx_word' id='word_1_264' title='bbox 617 3947 635 3990; x_wconf 95' lang='lat' dir='ltr'>a</span> <span class='ocrx_word' id='word_1_265' title='bbox 657 3927 776 3991; x_wconf 82' lang='lat' dir='ltr'>Critiae</span> <span class='ocrx_word' id='word_1_266' title='bbox 797 3927 893 3990; x_wconf 90' lang='lat' dir='ltr'>exilio</span> <span class='ocrx_word' id='word_1_267' title='bbox 909 3927 1107 4008; x_wconf 89' lang='lat' dir='ltr'>disjunctum</span> <span class='ocrx_word' id='word_1_268' title='bbox 1123 3948 1200 4003; x_wconf 89' lang='lat' dir='ltr'>esse,</span> <span class='ocrx_word' id='word_1_269' title='bbox 1215 3929 1261 3991; x_wconf 91' lang='lat' dir='ltr'>ita</span> 
     </span>
     <span class='ocr_line' id='line_1_35' title="bbox 104 4029 1259 4116; baseline 0.003 -24"><span class='ocrx_word' id='word_1_270' title='bbox 104 4037 147 4092; x_wconf 93' lang='lat' dir='ltr'>ut</span> <span class='ocrx_word' id='word_1_271' title='bbox 177 4029 334 4093; x_wconf 88' lang='lat' dir='ltr'>terminus</span> <span class='ocrx_word' id='word_1_272' title='bbox 367 4030 476 4112; x_wconf 90' lang='lat' dir='ltr'>paucis</span> <span class='ocrx_word' id='word_1_273' title='bbox 507 4031 600 4095; x_wconf 91' lang='lat' dir='ltr'>annis</span> <span class='ocrx_word' id='word_1_274' title='bbox 630 4037 822 4115; x_wconf 86' lang='lat' dir='ltr'>prorogetur.</span> <span class='ocrx_word' id='word_1_275' title='bbox 881 4031 1005 4109; x_wconf 79' lang='lat' dir='ltr'>Quibus</span> <span class='ocrx_word' id='word_1_276' title='bbox 1034 4031 1117 4095; x_wconf 93' lang='lat' dir='ltr'>illud</span> <span class='ocrx_word' id='word_1_277' title='bbox 1147 4052 1259 4116; x_wconf 90' lang='lat' dir='ltr'>parurn</span> 
     </span>
     <span class='ocr_line' id='line_1_36' title="bbox 105 4133 1260 4219; baseline 0.002 -21"><span class='ocrx_word' id='word_1_278' title='bbox 105 4133 265 4216; x_wconf 82' lang='lat' dir='ltr'>congruit,</span> <span class='ocrx_word' id='word_1_279' title='bbox 293 4133 378 4216; x_wconf 90' lang='lat' dir='ltr'>quod</span> <span class='ocrx_word' id='word_1_280' title='bbox 410 4135 528 4199; x_wconf 83' lang='lat' dir='ltr'>Critiae</span> <span class='ocrx_word' id='word_1_281' title='bbox 560 4155 671 4211; x_wconf 89' lang='lat' dir='ltr'>mores,</span> <span class='ocrx_word' id='word_1_282' title='bbox 698 4136 774 4199; x_wconf 90' lang='lat' dir='ltr'>dum</span> <span class='ocrx_word' id='word_1_283' title='bbox 812 4135 951 4200; x_wconf 89' lang='lat' dir='ltr'>Socratis</span> <span class='ocrx_word' id='word_1_284' title='bbox 981 4135 1045 4199; x_wconf 88' lang='lat' dir='ltr'>fuit</span> <span class='ocrx_word' id='word_1_285' title='bbox 1074 4135 1260 4219; x_wconf 88' lang='lat' dir='ltr'>discipulus,</span> 
     </span>
     <span class='ocr_line' id='line_1_37' title="bbox 104 4235 1260 4324; baseline 0.002 -23"><span class='ocrx_word' id='word_1_286' title='bbox 104 4235 237 4301; x_wconf 87' lang='lat' dir='ltr'>honesti</span> <span class='ocrx_word' id='word_1_287' title='bbox 253 4237 391 4302; x_wconf 85' lang='lat' dir='ltr'>fuerunt.</span> <span class='ocrx_word' id='word_1_288' title='bbox 437 4239 522 4302; x_wconf 90' lang='lat' dir='ltr'>Nam</span> <span class='ocrx_word' id='word_1_289' title='bbox 535 4260 574 4302; x_wconf 85' lang='lat' dir='ltr'>err</span> <span class='ocrx_word' id='word_1_290' title='bbox 587 4239 744 4304; x_wconf 89' lang='lat' dir='ltr'>Dioclidis</span> <span class='ocrx_word' id='word_1_291' title='bbox 757 4240 916 4304; x_wconf 89' lang='lat' dir='ltr'>delatione</span> <span class='ocrx_word' id='word_1_292' title='bbox 930 4240 1035 4304; x_wconf 91' lang='lat' dir='ltr'>elucet</span> <span class='ocrx_word' id='word_1_293' title='bbox 1048 4241 1181 4304; x_wconf 84' lang='lat' dir='ltr'>Critiam</span> <span class='ocrx_word' id='word_1_294' title='bbox 1191 4243 1260 4324; x_wconf 82' lang='lat' dir='ltr'>jam</span> 
     </span>
     <span class='ocr_line' id='line_1_38' title="bbox 104 4341 1262 4427; baseline 0.004 -23"><span class='ocrx_word' id='word_1_295' title='bbox 104 4345 183 4404; x_wconf 90' lang='lat' dir='ltr'>ante</span> <span class='ocrx_word' id='word_1_296' title='bbox 222 4361 344 4404; x_wconf 89' lang='lat' dir='ltr'>annum</span> <span class='ocrx_word' id='word_1_297' title='bbox 373 4341 438 4404; x_wconf 89' lang='grc'>415</span> <span class='ocrx_word' id='word_1_298' title='bbox 479 4343 669 4426; x_wconf 90' lang='lat' dir='ltr'>participem</span> <span class='ocrx_word' id='word_1_299' title='bbox 709 4343 888 4408; x_wconf 89' lang='lat' dir='ltr'>Alcibiadis</span> <span class='ocrx_word' id='word_1_300' title='bbox 928 4344 1104 4427; x_wconf 89' lang='lat' dir='ltr'>impietatis</span> <span class='ocrx_word' id='word_1_301' title='bbox 1143 4346 1262 4410; x_wconf 72' lang='lat' dir='ltr'>luisse.l</span> 
     </span>
    </p>
   </div>
   <div class='ocr_carea' id='block_1_3' title="bbox 323 4521 1141 4685">
    <p class='ocr_par' dir='ltr' id='par_1_5' title="bbox 323 4521 1141 4685">
     <span class='ocr_line' id='line_1_39' title="bbox 324 4521 1141 4594; baseline 0.009 -18"><span class='ocrx_word' id='word_1_302' title='bbox 324 4521 331 4548; x_wconf 92' lang='lat'>¹</span> <span class='ocrx_word' id='word_1_303' title='bbox 344 4522 446 4592; x_wconf 76' lang='lat' dir='ltr'>Irallier,</span> <span class='ocrx_word' id='word_1_304' title='bbox 460 4539 500 4594; x_wconf 82' lang='lat' dir='ltr'>op.</span> <span class='ocrx_word' id='word_1_305' title='bbox 514 4524 557 4582; x_wconf 79' lang='lat' dir='ltr'>cit.</span> <span class='ocrx_word' id='word_1_306' title='bbox 573 4532 614 4582; x_wconf 75' lang='lat'>24.</span> <span class='ocrx_word' id='word_1_307' title='bbox 828 4525 915 4581; x_wconf 74' lang='lat' dir='ltr'>²Xan.</span> <span class='ocrx_word' id='word_1_308' title='bbox 929 4525 1008 4580; x_wconf 81' lang='lat' dir='ltr'>Mem.</span> <span class='ocrx_word' id='word_1_309' title='bbox 1024 4525 1046 4582; x_wconf 92' lang='lat' dir='ltr'>I.</span> <span class='ocrx_word' id='word_1_310' title='bbox 1062 4533 1086 4594; x_wconf 76' lang='lat'>2,</span> <span class='ocrx_word' id='word_1_311' title='bbox 1101 4530 1141 4583; x_wconf 88' lang='grc'>16.</span> 
     </span>
     <span class='ocr_line' id='line_1_40' title="bbox 323 4609 1046 4685; baseline 0.008 -21"><span class='ocrx_word' id='word_1_312' title='bbox 323 4609 412 4666; x_wconf 67' lang='lat' dir='ltr'>”Xan</span> <span class='ocrx_word' id='word_1_313' title='bbox 425 4609 504 4668; x_wconf 77' lang='lat' dir='ltr'>Mera.</span> <span class='ocrx_word' id='word_1_314' title='bbox 519 4612 541 4670; x_wconf 89' lang='lat'>1.</span> <span class='ocrx_word' id='word_1_315' title='bbox 554 4616 580 4683; x_wconf 80' lang='lat'>2,</span> <span class='ocrx_word' id='word_1_316' title='bbox 593 4617 635 4671; x_wconf 78' lang='lat'>24.</span> <span class='ocrx_word' id='word_1_317' title='bbox 667 4613 706 4669; x_wconf 79' lang='lat' dir='ltr'>Cf.</span> <span class='ocrx_word' id='word_1_318' title='bbox 719 4613 820 4682; x_wconf 78' lang='lat' dir='ltr'>holder,</span> <span class='ocrx_word' id='word_1_319' title='bbox 834 4629 873 4684; x_wconf 81' lang='lat' dir='ltr'>op.</span> <span class='ocrx_word' id='word_1_320' title='bbox 887 4613 930 4671; x_wconf 78' lang='lat' dir='ltr'>cit.</span> <span class='ocrx_word' id='word_1_321' title='bbox 945 4615 978 4671; x_wconf 79' lang='lat'>57</span> <span class='ocrx_word' id='word_1_322' title='bbox 992 4631 1046 4685; x_wconf 87' lang='lat' dir='ltr'>sqq.</span> 
     </span>
    </p>
   </div>
   <div class='ocr_carea' id='block_1_4' title="bbox 0 0 1514 5058">
    <p class='ocr_par' dir='ltr' id='par_1_6' title="bbox 0 0 1514 5058">
     <span class='ocr_line' id='line_1_41' title="bbox 0 0 1514 5058; baseline 0 0"><span class='ocrx_word' id='word_1_323' title='bbox 0 0 1514 5058; x_wconf 95' lang='lat' dir='ltr'> </span> 
     </span>
    </p>
   </div>
  </div>
 </body>
</html>
