<?xml version="1.0" encoding="UTF-8"?>
<!DOCTYPE html PUBLIC "-//W3C//DTD XHTML 1.0 Transitional//EN"
    "http://www.w3.org/TR/xhtml1/DTD/xhtml1-transitional.dtd">
<html xmlns="http://www.w3.org/1999/xhtml" xml:lang="en" lang="en">
 <head>
  <title>
</title>
<meta http-equiv="Content-Type" content="text/html;charset=utf-8" />
  <meta name='ocr-system' content='tesseract 3.04.00' />
  <meta name='ocr-capabilities' content='ocr_page ocr_carea ocr_par ocr_line ocrx_word'/>
</head>
<body>
  <div class='ocr_page' id='page_1' title='image "./decritiaeoperib00patrgoog_0036.png"; bbox 0 0 3018 5058; ppageno 0'>
   <div class='ocr_carea' id='block_1_1' title="bbox 13 684 25 764">
    <p class='ocr_par' dir='ltr' id='par_1_1' title="bbox 13 684 25 764">
     <span class='ocr_line' id='line_1_1' title="bbox 13 684 25 764; baseline 0 0"><span class='ocrx_word' id='word_1_1' title='bbox 13 684 25 764; x_wconf 79' lang='lat' dir='ltr'>l</span> 
     </span>
    </p>
   </div>
   <div class='ocr_carea' id='block_1_2' title="bbox 681 455 721 519">
    <p class='ocr_par' dir='ltr' id='par_1_2' title="bbox 681 455 721 519">
     <span class='ocr_line' id='line_1_2' title="bbox 681 455 721 519; baseline -0.025 0"><span class='ocrx_word' id='word_1_2' title='bbox 681 455 721 519; x_wconf 86' lang='lat'>25</span> 
     </span>
    </p>
   </div>
   <div class='ocr_carea' id='block_1_3' title="bbox 119 629 1278 4468">
    <p class='ocr_par' dir='ltr' id='par_1_3' title="bbox 124 629 1278 1839">
     <span class='ocr_line' id='line_1_3' title="bbox 125 629 1276 714; baseline 0 -19"><span class='ocrx_word' id='word_1_3' title='bbox 125 632 238 696; x_wconf 87' lang='lat' dir='ltr'>Eleata</span> <span class='ocrx_word' id='word_1_4' title='bbox 260 631 295 695; x_wconf 91' lang='lat' dir='ltr'>in</span> <span class='ocrx_word' id='word_1_5' title='bbox 319 630 464 714; x_wconf 80' lang='lat' dir='ltr'>Sophiste</span> <span class='ocrx_word' id='word_1_6' title='bbox 489 638 522 696; x_wconf 91' lang='lat' dir='ltr'>et</span> <span class='ocrx_word' id='word_1_7' title='bbox 545 630 675 695; x_wconf 79' lang='lat' dir='ltr'>Politice</span> <span class='ocrx_word' id='word_1_8' title='bbox 699 629 971 713; x_wconf 86' lang='lat' dir='ltr'>Atheniensisque</span> <span class='ocrx_word' id='word_1_9' title='bbox 997 631 1031 693; x_wconf 91' lang='lat' dir='ltr'>in</span> <span class='ocrx_word' id='word_1_10' title='bbox 1056 631 1183 714; x_wconf 69' lang='lat' dir='ltr'>Legibus</span> <span class='ocrx_word' id='word_1_11' title='bbox 1207 631 1276 695; x_wconf 91' lang='lat' dir='ltr'>sine</span> 
     </span>
     <span class='ocr_line' id='line_1_4' title="bbox 125 734 1274 819; baseline -0.001 -21"><span class='ocrx_word' id='word_1_12' title='bbox 125 737 255 799; x_wconf 89' lang='lat' dir='ltr'>nomine</span> <span class='ocrx_word' id='word_1_13' title='bbox 277 735 463 819; x_wconf 91' lang='lat' dir='ltr'>loquuntur,</span> <span class='ocrx_word' id='word_1_14' title='bbox 479 755 632 818; x_wconf 83' lang='lat' dir='ltr'>personae</span> <span class='ocrx_word' id='word_1_15' title='bbox 655 734 853 818; x_wconf 81' lang='lat' dir='ltr'>dialogorum</span> <span class='ocrx_word' id='word_1_16' title='bbox 878 755 1004 816; x_wconf 84' lang='lat' dir='ltr'>semper</span> <span class='ocrx_word' id='word_1_17' title='bbox 1019 736 1150 798; x_wconf 90' lang='lat' dir='ltr'>nomina</span> <span class='ocrx_word' id='word_1_18' title='bbox 1167 736 1274 798; x_wconf 87' lang='lat' dir='ltr'>serunt</span> 
     </span>
     <span class='ocr_line' id='line_1_5' title="bbox 126 838 1276 924; baseline -0.001 -21"><span class='ocrx_word' id='word_1_19' title='bbox 126 861 167 904; x_wconf 83' lang='lat' dir='ltr'>ex</span> <span class='ocrx_word' id='word_1_20' title='bbox 193 840 327 903; x_wconf 90' lang='lat' dir='ltr'>historia</span> <span class='ocrx_word' id='word_1_21' title='bbox 350 861 432 923; x_wconf 90' lang='lat' dir='ltr'>quae</span> <span class='ocrx_word' id='word_1_22' title='bbox 459 845 567 923; x_wconf 91' lang='lat' dir='ltr'>aperte</span> <span class='ocrx_word' id='word_1_23' title='bbox 593 840 696 922; x_wconf 92' lang='lat' dir='ltr'>petita</span> <span class='ocrx_word' id='word_1_24' title='bbox 722 845 799 902; x_wconf 91' lang='lat' dir='ltr'>sunt</span> <span class='ocrx_word' id='word_1_25' title='bbox 825 838 878 902; x_wconf 90' lang='lat' dir='ltr'>vel</span> <span class='ocrx_word' id='word_1_26' title='bbox 901 846 1037 924; x_wconf 75' lang='lat' dir='ltr'>possunt</span> <span class='ocrx_word' id='word_1_27' title='bbox 1064 839 1165 922; x_wconf 90' lang='lat' dir='ltr'>petita</span> <span class='ocrx_word' id='word_1_28' title='bbox 1192 860 1276 903; x_wconf 87' lang='lat' dir='ltr'>esse:</span> 
     </span>
     <span class='ocr_line' id='line_1_6' title="bbox 127 941 1277 1026; baseline -0.002 -20"><span class='ocrx_word' id='word_1_29' title='bbox 127 963 238 1026; x_wconf 90' lang='lat' dir='ltr'>neque,</span> <span class='ocrx_word' id='word_1_30' title='bbox 255 943 376 1026; x_wconf 87' lang='lat' dir='ltr'>opinor,</span> <span class='ocrx_word' id='word_1_31' title='bbox 392 942 484 1006; x_wconf 86' lang='lat' dir='ltr'>Plato</span> <span class='ocrx_word' id='word_1_32' title='bbox 510 942 588 1006; x_wconf 90' lang='lat' dir='ltr'>adeo</span> <span class='ocrx_word' id='word_1_33' title='bbox 614 963 710 1006; x_wconf 88' lang='lat' dir='ltr'>sensu</span> <span class='ocrx_word' id='word_1_34' title='bbox 726 942 854 1005; x_wconf 77' lang='lat' dir='ltr'>carebat</span> <span class='ocrx_word' id='word_1_35' title='bbox 878 947 915 1005; x_wconf 94' lang='lat' dir='ltr'>ut</span> <span class='ocrx_word' id='word_1_36' title='bbox 939 942 1024 1005; x_wconf 90' lang='lat' dir='ltr'>iuter</span> <span class='ocrx_word' id='word_1_37' title='bbox 1049 941 1179 1004; x_wconf 89' lang='lat' dir='ltr'>nomina</span> <span class='ocrx_word' id='word_1_38' title='bbox 1201 963 1277 1006; x_wconf 91' lang='lat' dir='ltr'>vera</span> 
     </span>
     <span class='ocr_line' id='line_1_7' title="bbox 127 1045 1278 1129; baseline 0 -21"><span class='ocrx_word' id='word_1_39' title='bbox 127 1049 239 1110; x_wconf 86' lang='lat' dir='ltr'>lictum</span> <span class='ocrx_word' id='word_1_40' title='bbox 267 1047 373 1112; x_wconf 91' lang='lat' dir='ltr'>subito</span> <span class='ocrx_word' id='word_1_41' title='bbox 400 1047 601 1129; x_wconf 78' lang='lat' dir='ltr'>interjiceret.</span> <span class='ocrx_word' id='word_1_42' title='bbox 649 1046 742 1123; x_wconf 81' lang='lat' dir='ltr'>Quod</span> <span class='ocrx_word' id='word_1_43' title='bbox 769 1045 796 1109; x_wconf 89' lang='lat' dir='ltr'>si</span> <span class='ocrx_word' id='word_1_44' title='bbox 823 1045 883 1108; x_wconf 93' lang='lat' dir='ltr'>hoo</span> <span class='ocrx_word' id='word_1_45' title='bbox 907 1067 970 1109; x_wconf 92' lang='lat' dir='ltr'>uno</span> <span class='ocrx_word' id='word_1_46' title='bbox 994 1045 1119 1129; x_wconf 85' lang='lat' dir='ltr'>dialogo</span> <span class='ocrx_word' id='word_1_47' title='bbox 1143 1045 1278 1122; x_wconf 86' lang='lat' dir='ltr'>fecisset,</span> 
     </span>
     <span class='ocr_line' id='line_1_8' title="bbox 130 1149 1276 1234; baseline -0.001 -22"><span class='ocrx_word' id='word_1_48' title='bbox 130 1151 185 1213; x_wconf 86' lang='lat' dir='ltr'>vix</span> <span class='ocrx_word' id='word_1_49' title='bbox 213 1151 282 1214; x_wconf 90' lang='lat' dir='ltr'>fieri</span> <span class='ocrx_word' id='word_1_50' title='bbox 308 1151 473 1234; x_wconf 90' lang='lat' dir='ltr'>potuisset,</span> <span class='ocrx_word' id='word_1_51' title='bbox 500 1158 538 1214; x_wconf 94' lang='lat' dir='ltr'>ut</span> <span class='ocrx_word' id='word_1_52' title='bbox 569 1171 618 1214; x_wconf 88' lang='lat' dir='ltr'>res</span> <span class='ocrx_word' id='word_1_53' title='bbox 650 1157 717 1214; x_wconf 89' lang='lat' dir='ltr'>tam</span> <span class='ocrx_word' id='word_1_54' title='bbox 745 1149 842 1234; x_wconf 91' lang='lat' dir='ltr'>digna</span> <span class='ocrx_word' id='word_1_55' title='bbox 865 1149 1165 1213; x_wconf 86' lang='lat' dir='ltr'>commemoratione</span> <span class='ocrx_word' id='word_1_56' title='bbox 1192 1170 1276 1213; x_wconf 88' lang='lat' dir='ltr'>corn-</span> 
     </span>
     <span class='ocr_line' id='line_1_9' title="bbox 127 1252 1277 1338; baseline -0.001 -20"><span class='ocrx_word' id='word_1_57' title='bbox 127 1262 319 1319; x_wconf 86' lang='lat' dir='ltr'>mentatores</span> <span class='ocrx_word' id='word_1_58' title='bbox 343 1274 454 1318; x_wconf 91' lang='lat' dir='ltr'>omnes</span> <span class='ocrx_word' id='word_1_59' title='bbox 477 1255 608 1338; x_wconf 85' lang='lat' dir='ltr'>fugeret.</span> <span class='ocrx_word' id='word_1_60' title='bbox 654 1255 804 1338; x_wconf 89' lang='lat' dir='ltr'>Denique</span> <span class='ocrx_word' id='word_1_61' title='bbox 832 1252 915 1317; x_wconf 89' lang='lat' dir='ltr'>nihil</span> <span class='ocrx_word' id='word_1_62' title='bbox 941 1255 975 1317; x_wconf 90' lang='lat' dir='ltr'>in</span> <span class='ocrx_word' id='word_1_63' title='bbox 1001 1255 1116 1338; x_wconf 72' lang='lat' dir='ltr'>Gorgia</span> <span class='ocrx_word' id='word_1_64' title='bbox 1139 1253 1277 1337; x_wconf 87' lang='lat' dir='ltr'>reperire</span> 
     </span>
     <span class='ocr_line' id='line_1_10' title="bbox 124 1357 1276 1442; baseline -0.001 -21"><span class='ocrx_word' id='word_1_65' title='bbox 124 1359 226 1442; x_wconf 91' lang='lat' dir='ltr'>potui,</span> <span class='ocrx_word' id='word_1_66' title='bbox 243 1358 330 1441; x_wconf 92' lang='lat' dir='ltr'>quod</span> <span class='ocrx_word' id='word_1_67' title='bbox 355 1357 520 1422; x_wconf 82' lang='lat' dir='ltr'>Calliclem</span> <span class='ocrx_word' id='word_1_68' title='bbox 536 1359 683 1422; x_wconf 80' lang='lat' dir='ltr'>acetaria</span> <span class='ocrx_word' id='word_1_69' title='bbox 698 1357 843 1421; x_wconf 90' lang='lat' dir='ltr'>Platonis</span> <span class='ocrx_word' id='word_1_70' title='bbox 858 1357 1002 1440; x_wconf 88' lang='lat' dir='ltr'>personis</span> <span class='ocrx_word' id='word_1_71' title='bbox 1023 1357 1068 1420; x_wconf 90' lang='lat' dir='ltr'>ita</span> <span class='ocrx_word' id='word_1_72' title='bbox 1090 1357 1276 1441; x_wconf 87' lang='lat' dir='ltr'>distinguat.</span> 
     </span>
     <span class='ocr_line' id='line_1_11' title="bbox 126 1447 1276 1547; baseline -0.002 -22"><span class='ocrx_word' id='word_1_73' title='bbox 126 1463 232 1547; x_wconf 83' lang='lat' dir='ltr'>Pagus</span> <span class='ocrx_word' id='word_1_74' title='bbox 245 1463 333 1527; x_wconf 89' lang='lat' dir='ltr'>enim</span> <span class='ocrx_word' id='word_1_75' title='bbox 345 1462 431 1526; x_wconf 88' lang='lat' dir='ltr'>unde</span> <span class='ocrx_word' id='word_1_76' title='bbox 444 1469 531 1526; x_wconf 88' lang='lat' dir='ltr'>ortus</span> <span class='ocrx_word' id='word_1_77' title='bbox 546 1447 1030 1546; x_wconf 85' lang='lat' dir='ltr'>est—Acharnae-adlegatur;</span> <span class='ocrx_word' id='word_1_78' title='bbox 1046 1462 1141 1525; x_wconf 87' lang='lat' dir='ltr'>amici</span> <span class='ocrx_word' id='word_1_79' title='bbox 1152 1461 1276 1524; x_wconf 91' lang='lat' dir='ltr'>nomin-</span> 
     </span>
     <span class='ocr_line' id='line_1_12' title="bbox 127 1561 1277 1648; baseline 0 -20"><span class='ocrx_word' id='word_1_80' title='bbox 127 1567 207 1630; x_wconf 88' lang='lat' dir='ltr'>atim</span> <span class='ocrx_word' id='word_1_81' title='bbox 222 1565 446 1631; x_wconf 84' lang='lat' dir='ltr'>recensentur:</span> <span class='ocrx_word' id='word_1_82' title='bbox 469 1574 507 1630; x_wconf 92' lang='lat' dir='ltr'>ut</span> <span class='ocrx_word' id='word_1_83' title='bbox 522 1567 620 1630; x_wconf 87' lang='lat' dir='ltr'>verbo</span> <span class='ocrx_word' id='word_1_84' title='bbox 636 1566 750 1642; x_wconf 91' lang='lat' dir='ltr'>dicam,</span> <span class='ocrx_word' id='word_1_85' title='bbox 766 1566 874 1630; x_wconf 90' lang='lat' dir='ltr'>omnia</span> <span class='ocrx_word' id='word_1_86' title='bbox 896 1565 1015 1629; x_wconf 88' lang='lat' dir='ltr'>indicia</span> <span class='ocrx_word' id='word_1_87' title='bbox 1038 1566 1144 1641; x_wconf 90' lang='lat' dir='ltr'>habet,</span> <span class='ocrx_word' id='word_1_88' title='bbox 1159 1561 1277 1648; x_wconf 88' lang='lat' dir='ltr'>quibus</span> 
     </span>
     <span class='ocr_line' id='line_1_13' title="bbox 125 1669 1276 1754; baseline -0.001 -19"><span class='ocrx_word' id='word_1_89' title='bbox 125 1672 207 1736; x_wconf 89' lang='lat' dir='ltr'>civis</span> <span class='ocrx_word' id='word_1_90' title='bbox 222 1672 441 1748; x_wconf 88' lang='lat' dir='ltr'>Atheniensis,</span> <span class='ocrx_word' id='word_1_91' title='bbox 456 1672 602 1736; x_wconf 89' lang='lat' dir='ltr'>Platonis</span> <span class='ocrx_word' id='word_1_92' title='bbox 625 1671 813 1754; x_wconf 89' lang='lat' dir='ltr'>aequalibus</span> <span class='ocrx_word' id='word_1_93' title='bbox 837 1671 915 1734; x_wconf 88' lang='lat' dir='ltr'>satis</span> <span class='ocrx_word' id='word_1_94' title='bbox 938 1677 1042 1747; x_wconf 92' lang='lat' dir='ltr'>notus,</span> <span class='ocrx_word' id='word_1_95' title='bbox 1058 1669 1276 1754; x_wconf 90' lang='lat' dir='ltr'>agnoscendus</span> 
     </span>
     <span class='ocr_line' id='line_1_14' title="bbox 126 1776 177 1839; baseline 0 0"><span class='ocrx_word' id='word_1_96' title='bbox 126 1776 177 1839; x_wconf 90' lang='lat' dir='ltr'>sit.</span> 
     </span>
    </p>

    <p class='ocr_par' dir='ltr' id='par_1_4' title="bbox 121 1878 1277 3423">
     <span class='ocr_line' id='line_1_15' title="bbox 170 1878 1276 1964; baseline -0.002 -20"><span class='ocrx_word' id='word_1_97' title='bbox 170 1881 351 1946; x_wconf 86' lang='lat' dir='ltr'>Minirnein</span> <span class='ocrx_word' id='word_1_98' title='bbox 362 1904 398 1946; x_wconf 93' lang='lat' dir='ltr'>eo</span> <span class='ocrx_word' id='word_1_99' title='bbox 408 1880 726 1945; x_wconf 86' lang='lat' dir='ltr'>offenderedebemus</span> <span class='ocrx_word' id='word_1_100' title='bbox 735 1879 821 1964; x_wconf 92' lang='lat' dir='ltr'>quod</span> <span class='ocrx_word' id='word_1_101' title='bbox 832 1900 895 1943; x_wconf 91' lang='lat' dir='ltr'>uuo</span> <span class='ocrx_word' id='word_1_102' title='bbox 904 1883 1030 1943; x_wconf 72' lang='lat' dir='ltr'>tantun]</span> <span class='ocrx_word' id='word_1_103' title='bbox 1041 1879 1124 1943; x_wconf 91' lang='lat' dir='ltr'>libro</span> <span class='ocrx_word' id='word_1_104' title='bbox 1134 1878 1276 1943; x_wconf 90' lang='lat' dir='ltr'>Calliclis</span> 
     </span>
     <span class='ocr_line' id='line_1_16' title="bbox 126 1985 1276 2068; baseline -0.002 -21"><span class='ocrx_word' id='word_1_105' title='bbox 126 1985 247 2048; x_wconf 89' lang='lat' dir='ltr'>mentio</span> <span class='ocrx_word' id='word_1_106' title='bbox 269 1987 313 2050; x_wconf 93' lang='lat' dir='ltr'>fit.</span> <span class='ocrx_word' id='word_1_107' title='bbox 360 1988 448 2050; x_wconf 89' lang='lat' dir='ltr'>Num</span> <span class='ocrx_word' id='word_1_108' title='bbox 472 1985 564 2049; x_wconf 90' lang='lat' dir='ltr'>nobis</span> <span class='ocrx_word' id='word_1_109' title='bbox 585 1986 743 2068; x_wconf 86' lang='lat' dir='ltr'>juvenum</span> <span class='ocrx_word' id='word_1_110' title='bbox 767 1985 912 2048; x_wconf 89' lang='lat' dir='ltr'>omnium</span> <span class='ocrx_word' id='word_1_111' title='bbox 938 1985 1068 2047; x_wconf 91' lang='lat' dir='ltr'>nomina</span> <span class='ocrx_word' id='word_1_112' title='bbox 1091 1988 1167 2048; x_wconf 91' lang='lat' dir='ltr'>nota</span> <span class='ocrx_word' id='word_1_113' title='bbox 1190 1991 1276 2059; x_wconf 89' lang='lat' dir='ltr'>sunt,</span> 
     </span>
     <span class='ocr_line' id='line_1_17' title="bbox 126 2087 1276 2174; baseline -0.002 -23"><span class='ocrx_word' id='word_1_114' title='bbox 126 2089 184 2171; x_wconf 91' lang='lat' dir='ltr'>qui</span> <span class='ocrx_word' id='word_1_115' title='bbox 211 2091 361 2174; x_wconf 85' lang='lat' dir='ltr'>Gorgiam</span> <span class='ocrx_word' id='word_1_116' title='bbox 384 2097 417 2155; x_wconf 89' lang='lat' dir='ltr'>et</span> <span class='ocrx_word' id='word_1_117' title='bbox 445 2091 606 2154; x_wconf 85' lang='lat' dir='ltr'>Socratem</span> <span class='ocrx_word' id='word_1_118' title='bbox 629 2109 782 2173; x_wconf 91' lang='lat' dir='ltr'>umquam</span> <span class='ocrx_word' id='word_1_119' title='bbox 810 2089 1022 2152; x_wconf 74' lang='lat' dir='ltr'>audiverunt?</span> <span class='ocrx_word' id='word_1_120' title='bbox 1067 2087 1184 2152; x_wconf 91' lang='lat' dir='ltr'>Nonne</span> <span class='ocrx_word' id='word_1_121' title='bbox 1206 2088 1276 2150; x_wconf 88' lang='lat' dir='ltr'>fieri</span> 
     </span>
     <span class='ocr_line' id='line_1_18' title="bbox 126 2192 1276 2278; baseline -0.002 -22"><span class='ocrx_word' id='word_1_122' title='bbox 126 2199 241 2275; x_wconf 90' lang='lat' dir='ltr'>potest,</span> <span class='ocrx_word' id='word_1_123' title='bbox 257 2202 295 2258; x_wconf 93' lang='lat' dir='ltr'>ut</span> <span class='ocrx_word' id='word_1_124' title='bbox 311 2195 471 2278; x_wconf 88' lang='lat' dir='ltr'>permulti,</span> <span class='ocrx_word' id='word_1_125' title='bbox 488 2215 562 2258; x_wconf 91' lang='lat' dir='ltr'>oum</span> <span class='ocrx_word' id='word_1_126' title='bbox 582 2195 617 2256; x_wconf 92' lang='lat' dir='ltr'>in</span> <span class='ocrx_word' id='word_1_127' title='bbox 633 2194 746 2258; x_wconf 88' lang='lat' dir='ltr'>ceteris</span> <span class='ocrx_word' id='word_1_128' title='bbox 767 2193 897 2277; x_wconf 89' lang='lat' dir='ltr'>proeliis</span> <span class='ocrx_word' id='word_1_129' title='bbox 920 2198 990 2256; x_wconf 89' lang='lat' dir='ltr'>turn</span> <span class='ocrx_word' id='word_1_130' title='bbox 1012 2193 1047 2255; x_wconf 93' lang='lat' dir='ltr'>in</span> <span class='ocrx_word' id='word_1_131' title='bbox 1062 2192 1152 2256; x_wconf 91' lang='lat' dir='ltr'>clade</span> <span class='ocrx_word' id='word_1_132' title='bbox 1169 2192 1276 2256; x_wconf 86' lang='lat' dir='ltr'>Sicula</span> 
     </span>
     <span class='ocr_line' id='line_1_19' title="bbox 125 2297 1273 2383; baseline -0.001 -24"><span class='ocrx_word' id='word_1_133' title='bbox 125 2297 313 2383; x_wconf 87' lang='lat' dir='ltr'>interempti</span> <span class='ocrx_word' id='word_1_134' title='bbox 335 2322 375 2364; x_wconf 83' lang='lat' dir='ltr'>ex</span> <span class='ocrx_word' id='word_1_135' title='bbox 398 2300 565 2364; x_wconf 91' lang='lat' dir='ltr'>hominum</span> <span class='ocrx_word' id='word_1_136' title='bbox 589 2299 742 2363; x_wconf 91' lang='lat' dir='ltr'>memoria</span> <span class='ocrx_word' id='word_1_137' title='bbox 758 2297 957 2362; x_wconf 73' lang='lat' dir='ltr'>exciderint?</span> <span class='ocrx_word' id='word_1_138' title='bbox 1003 2298 1126 2380; x_wconf 90' lang='lat' dir='ltr'>Neque,</span> <span class='ocrx_word' id='word_1_139' title='bbox 1142 2318 1175 2361; x_wconf 92' lang='lat' dir='ltr'>re</span> <span class='ocrx_word' id='word_1_140' title='bbox 1191 2317 1273 2372; x_wconf 87' lang='lat' dir='ltr'>vera,</span> 
     </span>
     <span class='ocr_line' id='line_1_20' title="bbox 126 2399 1277 2488; baseline -0.001 -23"><span class='ocrx_word' id='word_1_141' title='bbox 126 2402 196 2466; x_wconf 89' lang='lat' dir='ltr'>viro</span> <span class='ocrx_word' id='word_1_142' title='bbox 207 2403 326 2488; x_wconf 86' lang='lat' dir='ltr'>insigni</span> <span class='ocrx_word' id='word_1_143' title='bbox 341 2425 421 2488; x_wconf 92' lang='lat' dir='ltr'>opus</span> <span class='ocrx_word' id='word_1_144' title='bbox 433 2411 482 2468; x_wconf 91' lang='lat' dir='ltr'>est</span> <span class='ocrx_word' id='word_1_145' title='bbox 497 2403 537 2467; x_wconf 90' lang='lat' dir='ltr'>ad</span> <span class='ocrx_word' id='word_1_146' title='bbox 554 2402 696 2467; x_wconf 89' lang='lat' dir='ltr'>Calliclis</span> <span class='ocrx_word' id='word_1_147' title='bbox 712 2409 818 2486; x_wconf 89' lang='lat' dir='ltr'>partes</span> <span class='ocrx_word' id='word_1_148' title='bbox 831 2400 1041 2466; x_wconf 89' lang='lat' dir='ltr'>sustinendas.</span> <span class='ocrx_word' id='word_1_149' title='bbox 1076 2401 1161 2464; x_wconf 91' lang='lat' dir='ltr'>Nam</span> <span class='ocrx_word' id='word_1_150' title='bbox 1174 2400 1208 2463; x_wconf 92' lang='lat' dir='ltr'>in</span> <span class='ocrx_word' id='word_1_151' title='bbox 1221 2399 1277 2477; x_wconf 79' lang='lat' dir='ltr'>eia,</span> 
     </span>
     <span class='ocr_line' id='line_1_21' title="bbox 125 2505 1273 2590; baseline -0.002 -20"><span class='ocrx_word' id='word_1_152' title='bbox 125 2526 303 2588; x_wconf 89' lang='lat' dir='ltr'>quaecum</span> <span class='ocrx_word' id='word_1_153' title='bbox 326 2507 454 2572; x_wconf 83' lang='lat' dir='ltr'>Socrate</span> <span class='ocrx_word' id='word_1_154' title='bbox 477 2507 516 2570; x_wconf 90' lang='lat' dir='ltr'>de</span> <span class='ocrx_word' id='word_1_155' title='bbox 532 2506 653 2570; x_wconf 87' lang='lat' dir='ltr'>virtute</span> <span class='ocrx_word' id='word_1_156' title='bbox 676 2505 766 2570; x_wconf 87' lang='lat' dir='ltr'>civili</span> <span class='ocrx_word' id='word_1_157' title='bbox 790 2506 942 2590; x_wconf 88' lang='lat' dir='ltr'>disputat,</span> <span class='ocrx_word' id='word_1_158' title='bbox 958 2525 1022 2567; x_wconf 93' lang='lat' dir='ltr'>non</span> <span class='ocrx_word' id='word_1_159' title='bbox 1045 2525 1130 2568; x_wconf 88' lang='lat' dir='ltr'>unus</span> <span class='ocrx_word' id='word_1_160' title='bbox 1146 2510 1273 2568; x_wconf 87' lang='lat' dir='ltr'>tantum</span> 
     </span>
     <span class='ocr_line' id='line_1_22' title="bbox 124 2606 1274 2694; baseline 0.001 -23"><span class='ocrx_word' id='word_1_161' title='bbox 124 2608 229 2686; x_wconf 91' lang='lat' dir='ltr'>homo,</span> <span class='ocrx_word' id='word_1_162' title='bbox 240 2610 294 2674; x_wconf 90' lang='lat' dir='ltr'>sed</span> <span class='ocrx_word' id='word_1_163' title='bbox 307 2609 407 2694; x_wconf 90' lang='lat' dir='ltr'>magis</span> <span class='ocrx_word' id='word_1_164' title='bbox 418 2616 524 2673; x_wconf 93' lang='lat' dir='ltr'>totum</span> <span class='ocrx_word' id='word_1_165' title='bbox 535 2629 636 2693; x_wconf 89' lang='lat' dir='ltr'>genus</span> <span class='ocrx_word' id='word_1_166' title='bbox 647 2609 882 2672; x_wconf 87' lang='lat' dir='ltr'>moderatorum</span> <span class='ocrx_word' id='word_1_167' title='bbox 892 2607 1085 2690; x_wconf 91' lang='lat' dir='ltr'>reipublicae</span> <span class='ocrx_word' id='word_1_168' title='bbox 1094 2606 1274 2672; x_wconf 86' lang='lat' dir='ltr'>Athenien·</span> 
     </span>
     <span class='ocr_line' id='line_1_23' title="bbox 125 2709 1275 2797; baseline -0.001 -23"><span class='ocrx_word' id='word_1_169' title='bbox 125 2712 211 2774; x_wconf 88' lang='lat' dir='ltr'>sium</span> <span class='ocrx_word' id='word_1_170' title='bbox 227 2711 420 2797; x_wconf 89' lang='lat' dir='ltr'>castigatur:</span> <span class='ocrx_word' id='word_1_171' title='bbox 443 2718 638 2797; x_wconf 88' lang='lat' dir='ltr'>quapropter</span> <span class='ocrx_word' id='word_1_172' title='bbox 663 2711 805 2775; x_wconf 89' lang='lat' dir='ltr'>Calliclis</span> <span class='ocrx_word' id='word_1_173' title='bbox 827 2711 967 2775; x_wconf 89' lang='lat' dir='ltr'>officium</span> <span class='ocrx_word' id='word_1_174' title='bbox 983 2709 1107 2773; x_wconf 90' lang='lat' dir='ltr'>homini</span> <span class='ocrx_word' id='word_1_175' title='bbox 1122 2710 1275 2774; x_wconf 89' lang='lat' dir='ltr'>mediocri</span> 
     </span>
     <span class='ocr_line' id='line_1_24' title="bbox 124 2814 1274 2900; baseline 0.001 -22"><span class='ocrx_word' id='word_1_176' title='bbox 124 2817 299 2881; x_wconf 89' lang='lat' dir='ltr'>rectissime</span> <span class='ocrx_word' id='word_1_177' title='bbox 314 2816 494 2893; x_wconf 90' lang='lat' dir='ltr'>mandatur,</span> <span class='ocrx_word' id='word_1_178' title='bbox 504 2837 567 2900; x_wconf 89' lang='lat' dir='ltr'>quo</span> <span class='ocrx_word' id='word_1_179' title='bbox 582 2836 673 2880; x_wconf 92' lang='lat' dir='ltr'>mens</span> <span class='ocrx_word' id='word_1_180' title='bbox 684 2815 812 2880; x_wconf 87' lang='lat' dir='ltr'>lectoris</span> <span class='ocrx_word' id='word_1_181' title='bbox 824 2815 864 2879; x_wconf 90' lang='lat' dir='ltr'>ab</span> <span class='ocrx_word' id='word_1_182' title='bbox 879 2815 948 2898; x_wconf 87' lang='lat' dir='ltr'>ipso</span> <span class='ocrx_word' id='word_1_183' title='bbox 960 2814 1124 2878; x_wconf 86' lang='lat' dir='ltr'>laudatore</span> <span class='ocrx_word' id='word_1_184' title='bbox 1139 2815 1174 2877; x_wconf 92' lang='lat' dir='ltr'>in</span> <span class='ocrx_word' id='word_1_185' title='bbox 1189 2816 1274 2880; x_wconf 87' lang='lat' dir='ltr'>viros</span> 
     </span>
     <span class='ocr_line' id='line_1_25' title="bbox 124 2918 1274 3004; baseline 0 -20"><span class='ocrx_word' id='word_1_186' title='bbox 124 2941 206 3004; x_wconf 92' lang='lat' dir='ltr'>quos</span> <span class='ocrx_word' id='word_1_187' title='bbox 235 2920 347 2986; x_wconf 90' lang='lat' dir='ltr'>laudat</span> <span class='ocrx_word' id='word_1_188' title='bbox 376 2926 587 2985; x_wconf 89' lang='lat' dir='ltr'>convertatur.</span> <span class='ocrx_word' id='word_1_189' title='bbox 644 2920 733 2996; x_wconf 78' lang='lat' dir='ltr'>Quae</span> <span class='ocrx_word' id='word_1_190' title='bbox 763 2941 837 2984; x_wconf 94' lang='lat' dir='ltr'>cum</span> <span class='ocrx_word' id='word_1_191' title='bbox 872 2920 918 2982; x_wconf 90' lang='lat' dir='ltr'>ita</span> <span class='ocrx_word' id='word_1_192' title='bbox 948 2919 1022 2995; x_wconf 89' lang='lat' dir='ltr'>sint,</span> <span class='ocrx_word' id='word_1_193' title='bbox 1048 2918 1131 2981; x_wconf 91' lang='lat' dir='ltr'>nihil</span> <span class='ocrx_word' id='word_1_194' title='bbox 1161 2939 1274 2984; x_wconf 90' lang='lat' dir='ltr'>causae</span> 
     </span>
     <span class='ocr_line' id='line_1_26' title="bbox 125 3024 1274 3109; baseline 0 -21"><span class='ocrx_word' id='word_1_195' title='bbox 125 3025 281 3090; x_wconf 87' lang='lat' dir='ltr'>habemus</span> <span class='ocrx_word' id='word_1_196' title='bbox 297 3046 353 3090; x_wconf 89' lang='lat' dir='ltr'>eur·</span> <span class='ocrx_word' id='word_1_197' title='bbox 368 3025 569 3109; x_wconf 87' lang='lat' dir='ltr'>suspicemur</span> <span class='ocrx_word' id='word_1_198' title='bbox 581 3024 746 3088; x_wconf 83' lang='lat' dir='ltr'>Calliclem</span> <span class='ocrx_word' id='word_1_199' title='bbox 762 3024 869 3088; x_wconf 88' lang='lat' dir='ltr'>fictam</span> <span class='ocrx_word' id='word_1_200' title='bbox 882 3045 950 3088; x_wconf 90' lang='lat' dir='ltr'>esse</span> <span class='ocrx_word' id='word_1_201' title='bbox 966 3043 1146 3107; x_wconf 88' lang='lat' dir='ltr'>personam:</span> <span class='ocrx_word' id='word_1_202' title='bbox 1169 3045 1274 3107; x_wconf 92' lang='lat' dir='ltr'>neque</span> 
     </span>
     <span class='ocr_line' id='line_1_27' title="bbox 125 3128 1273 3214; baseline 0 -22"><span class='ocrx_word' id='word_1_203' title='bbox 125 3129 219 3194; x_wconf 87' lang='lat' dir='ltr'>noris</span> <span class='ocrx_word' id='word_1_204' title='bbox 230 3131 425 3214; x_wconf 86' lang='lat' dir='ltr'>argumentis</span> <span class='ocrx_word' id='word_1_205' title='bbox 436 3150 517 3213; x_wconf 87' lang='lat' dir='ltr'>opus</span> <span class='ocrx_word' id='word_1_206' title='bbox 529 3136 586 3206; x_wconf 89' lang='lat' dir='ltr'>est,</span> <span class='ocrx_word' id='word_1_207' title='bbox 596 3130 635 3194; x_wconf 90' lang='lat' dir='ltr'>ad</span> <span class='ocrx_word' id='word_1_208' title='bbox 652 3129 783 3214; x_wconf 87' lang='lat' dir='ltr'>Bergkii</span> <span class='ocrx_word' id='word_1_209' title='bbox 799 3129 1013 3211; x_wconf 87' lang='lat' dir='ltr'>conjecturam</span> <span class='ocrx_word' id='word_1_210' title='bbox 1033 3128 1273 3192; x_wconf 89' lang='lat' dir='ltr'>aDuemmlero</span> 
     </span>
     <span class='ocr_line' id='line_1_28' title="bbox 122 3231 1273 3318; baseline -0.003 -19"><span class='ocrx_word' id='word_1_211' title='bbox 122 3235 363 3318; x_wconf 88' lang='lat' dir='ltr'>comprobatam</span> <span class='ocrx_word' id='word_1_212' title='bbox 378 3234 595 3311; x_wconf 88' lang='lat' dir='ltr'>refellendam,</span> <span class='ocrx_word' id='word_1_213' title='bbox 611 3254 693 3318; x_wconf 92' lang='lat' dir='ltr'>quae</span> <span class='ocrx_word' id='word_1_214' title='bbox 710 3233 891 3298; x_wconf 91' lang='lat' dir='ltr'>Chariclem</span> <span class='ocrx_word' id='word_1_215' title='bbox 906 3233 966 3297; x_wconf 85' lang='lat' dir='ltr'>sub</span> <span class='ocrx_word' id='word_1_216' title='bbox 982 3231 1124 3296; x_wconf 90' lang='lat' dir='ltr'>Calliclis</span> <span class='ocrx_word' id='word_1_217' title='bbox 1139 3253 1273 3315; x_wconf 88' lang='lat' dir='ltr'>persona</span> 
     </span>
     <span class='ocr_line' id='line_1_29' title="bbox 121 3337 379 3423; baseline 0.004 -20"><span class='ocrx_word' id='word_1_218' title='bbox 121 3339 255 3423; x_wconf 87' lang='lat' dir='ltr'>agnosci</span> <span class='ocrx_word' id='word_1_219' title='bbox 265 3337 379 3422; x_wconf 87' lang='lat' dir='ltr'>jubet¹</span> 
     </span>
    </p>

    <p class='ocr_par' dir='ltr' id='par_1_5' title="bbox 119 3441 1273 4468">
     <span class='ocr_line' id='line_1_30' title="bbox 168 3441 1273 3527; baseline -0.002 -21"><span class='ocrx_word' id='word_1_220' title='bbox 168 3444 324 3508; x_wconf 87' lang='lat' dir='ltr'>Attamen</span> <span class='ocrx_word' id='word_1_221' title='bbox 351 3443 477 3508; x_wconf 87' lang='lat' dir='ltr'>etiamsi</span> <span class='ocrx_word' id='word_1_222' title='bbox 505 3444 658 3509; x_wconf 80' lang='lat' dir='ltr'>Cronium</span> <span class='ocrx_word' id='word_1_223' title='bbox 680 3443 846 3527; x_wconf 88' lang='lat' dir='ltr'>hueusque</span> <span class='ocrx_word' id='word_1_224' title='bbox 869 3442 961 3525; x_wconf 91' lang='lat' dir='ltr'>sequi</span> <span class='ocrx_word' id='word_1_225' title='bbox 986 3441 1144 3518; x_wconf 89' lang='lat' dir='ltr'>volumus,</span> <span class='ocrx_word' id='word_1_226' title='bbox 1170 3441 1273 3504; x_wconf 90' lang='lat' dir='ltr'>multa</span> 
     </span>
     <span class='ocr_line' id='line_1_31' title="bbox 122 3544 1271 3624; baseline -0.002 -14"><span class='ocrx_word' id='word_1_227' title='bbox 122 3553 234 3611; x_wconf 88' lang='lat' dir='ltr'>tamen</span> <span class='ocrx_word' id='word_1_228' title='bbox 258 3569 316 3612; x_wconf 91' lang='lat' dir='ltr'>nos</span> <span class='ocrx_word' id='word_1_229' title='bbox 339 3548 509 3624; x_wconf 90' lang='lat' dir='ltr'>deterrent,</span> <span class='ocrx_word' id='word_1_230' title='bbox 532 3569 572 3613; x_wconf 92' lang='lat' dir='ltr'>ne</span> <span class='ocrx_word' id='word_1_231' title='bbox 595 3546 761 3612; x_wconf 89' lang='lat' dir='ltr'>credamus</span> <span class='ocrx_word' id='word_1_232' title='bbox 785 3546 950 3611; x_wconf 88' lang='lat' dir='ltr'>Calliclem</span> <span class='ocrx_word' id='word_1_233' title='bbox 978 3545 1113 3610; x_wconf 89' lang='lat' dir='ltr'>Critiam</span> <span class='ocrx_word' id='word_1_234' title='bbox 1136 3544 1271 3608; x_wconf 89' lang='lat' dir='ltr'>alterum</span> 
     </span>
     <span class='ocr_line' id='line_1_32' title="bbox 121 3649 1272 3726; baseline 0 -12"><span class='ocrx_word' id='word_1_235' title='bbox 121 3652 232 3715; x_wconf 87' lang='lat' dir='ltr'>fuisse.</span> <span class='ocrx_word' id='word_1_236' title='bbox 278 3652 409 3716; x_wconf 87' lang='lat' dir='ltr'>Etenim</span> <span class='ocrx_word' id='word_1_237' title='bbox 421 3673 495 3717; x_wconf 89' lang='lat' dir='ltr'>cnm</span> <span class='ocrx_word' id='word_1_238' title='bbox 511 3674 550 3717; x_wconf 89' lang='lat' dir='ltr'>ex</span> <span class='ocrx_word' id='word_1_239' title='bbox 566 3652 831 3716; x_wconf 87' lang='lat' dir='ltr'>antecedentibus</span> <span class='ocrx_word' id='word_1_240' title='bbox 846 3657 917 3715; x_wconf 91' lang='lat' dir='ltr'>tum</span> <span class='ocrx_word' id='word_1_241' title='bbox 932 3671 949 3714; x_wconf 93' lang='lat' dir='ltr'>e</span> <span class='ocrx_word' id='word_1_242' title='bbox 964 3650 1042 3726; x_wconf 90' lang='lat' dir='ltr'>loco,</span> <span class='ocrx_word' id='word_1_243' title='bbox 1055 3649 1111 3714; x_wconf 90' lang='lat' dir='ltr'>ubi</span> <span class='ocrx_word' id='word_1_244' title='bbox 1127 3650 1272 3714; x_wconf 84' lang='lat' dir='ltr'>Socrates</span> 
     </span>
     <span class='ocr_line' id='line_1_33' title="bbox 121 3755 1271 3841; baseline -0.001 -22"><span class='ocrx_word' id='word_1_245' title='bbox 121 3757 229 3820; x_wconf 88' lang='lat' dir='ltr'>fatum</span> <span class='ocrx_word' id='word_1_246' title='bbox 256 3777 350 3821; x_wconf 92' lang='lat' dir='ltr'>suum</span> <span class='ocrx_word' id='word_1_247' title='bbox 381 3757 556 3841; x_wconf 69' lang='lat' dir='ltr'>praedicit,²</span> <span class='ocrx_word' id='word_1_248' title='bbox 583 3762 717 3840; x_wconf 89' lang='lat' dir='ltr'>apparet</span> <span class='ocrx_word' id='word_1_249' title='bbox 749 3757 880 3839; x_wconf 74' lang='lat' dir='ltr'>Carpion</span> <span class='ocrx_word' id='word_1_250' title='bbox 907 3755 1271 3837; x_wconf 87' lang='lat' dir='ltr'>cardinem-quantum</span> 
     </span>
     <span class='ocr_line' id='line_1_34' title="bbox 120 3858 1272 3945; baseline -0.003 -21"><span class='ocrx_word' id='word_1_251' title='bbox 120 3860 163 3924; x_wconf 90' lang='lat' dir='ltr'>ad</span> <span class='ocrx_word' id='word_1_252' title='bbox 189 3860 354 3925; x_wconf 89' lang='lat' dir='ltr'>Calliclem</span> <span class='ocrx_word' id='word_1_253' title='bbox 377 3861 594 3945; x_wconf 88' lang='lat' dir='ltr'>pertinet—iu</span> <span class='ocrx_word' id='word_1_254' title='bbox 611 3861 699 3924; x_wconf 91' lang='lat' dir='ltr'>vitiis</span> <span class='ocrx_word' id='word_1_255' title='bbox 714 3860 918 3944; x_wconf 92' lang='lat' dir='ltr'>popularium</span> <span class='ocrx_word' id='word_1_256' title='bbox 934 3858 1127 3943; x_wconf 88' lang='lat' dir='ltr'>castigandis</span> <span class='ocrx_word' id='word_1_257' title='bbox 1142 3859 1272 3934; x_wconf 89' lang='lat' dir='ltr'>versari,</span> 
     </span>
     <span class='ocr_line' id='line_1_35' title="bbox 119 3962 1267 4047; baseline -0.003 -19"><span class='ocrx_word' id='word_1_258' title='bbox 119 3966 169 4028; x_wconf 92' lang='lat' dir='ltr'>ita</span> <span class='ocrx_word' id='word_1_259' title='bbox 192 3969 229 4028; x_wconf 94' lang='lat' dir='ltr'>ut</span> <span class='ocrx_word' id='word_1_260' title='bbox 252 3963 400 4030; x_wconf 89' lang='lat' dir='ltr'>Callicles</span> <span class='ocrx_word' id='word_1_261' title='bbox 425 3966 562 4030; x_wconf 85' lang='lat' dir='ltr'>Socratis</span> <span class='ocrx_word' id='word_1_262' title='bbox 586 3969 807 4029; x_wconf 88' lang='lat' dir='ltr'>accusatorum</span> <span class='ocrx_word' id='word_1_263' title='bbox 831 3985 959 4028; x_wconf 88' lang='lat' dir='ltr'>causam</span> <span class='ocrx_word' id='word_1_264' title='bbox 982 3969 1063 4047; x_wconf 90' lang='lat' dir='ltr'>agat.</span> <span class='ocrx_word' id='word_1_265' title='bbox 1119 3962 1182 4026; x_wconf 86' lang='lat' dir='ltr'>Sed</span> <span class='ocrx_word' id='word_1_266' title='bbox 1204 3984 1267 4046; x_wconf 91' lang='lat' dir='ltr'>quo</span> 
     </span>
     <span class='ocr_line' id='line_1_36' title="bbox 120 4066 1270 4154; baseline -0.004 -20"><span class='ocrx_word' id='word_1_267' title='bbox 120 4070 226 4146; x_wconf 90' lang='lat' dir='ltr'>modo,</span> <span class='ocrx_word' id='word_1_268' title='bbox 249 4075 376 4154; x_wconf 76' lang='lat' dir='ltr'>quaeso,</span> <span class='ocrx_word' id='word_1_269' title='bbox 398 4070 491 4134; x_wconf 89' lang='lat' dir='ltr'>Plato</span> <span class='ocrx_word' id='word_1_270' title='bbox 514 4071 572 4134; x_wconf 90' lang='lat' dir='ltr'>has</span> <span class='ocrx_word' id='word_1_271' title='bbox 596 4077 701 4153; x_wconf 89' lang='lat' dir='ltr'>partes</span> <span class='ocrx_word' id='word_1_272' title='bbox 725 4069 844 4134; x_wconf 90' lang='lat' dir='ltr'>Critiae</span> <span class='ocrx_word' id='word_1_273' title='bbox 867 4068 1018 4131; x_wconf 89' lang='lat' dir='ltr'>mandare</span> <span class='ocrx_word' id='word_1_274' title='bbox 1041 4066 1189 4151; x_wconf 89' lang='lat' dir='ltr'>potuerit,</span> <span class='ocrx_word' id='word_1_275' title='bbox 1213 4068 1270 4150; x_wconf 93' lang='lat' dir='ltr'>qui</span> 
     </span>
     <span class='ocr_line' id='line_1_37' title="bbox 121 4171 1270 4256; baseline -0.003 -18"><span class='ocrx_word' id='word_1_276' title='bbox 121 4173 349 4238; x_wconf 88' lang='lat' dir='ltr'>democratiam</span> <span class='ocrx_word' id='word_1_277' title='bbox 360 4173 506 4237; x_wconf 88' lang='lat' dir='ltr'>funditus</span> <span class='ocrx_word' id='word_1_278' title='bbox 517 4173 645 4249; x_wconf 89' lang='lat' dir='ltr'>delevit,</span> <span class='ocrx_word' id='word_1_279' title='bbox 654 4173 934 4256; x_wconf 90' lang='lat' dir='ltr'>popularibusque,</span> <span class='ocrx_word' id='word_1_280' title='bbox 944 4171 1001 4255; x_wconf 93' lang='lat' dir='ltr'>qui</span> <span class='ocrx_word' id='word_1_281' title='bbox 1010 4171 1121 4235; x_wconf 90' lang='lat' dir='ltr'>mortis</span> <span class='ocrx_word' id='word_1_282' title='bbox 1132 4171 1270 4234; x_wconf 87' lang='lat' dir='ltr'>Socratis</span> 
     </span>
     <span class='ocr_line' id='line_1_38' title="bbox 120 4274 1270 4354; baseline -0.002 -12"><span class='ocrx_word' id='word_1_283' title='bbox 120 4286 266 4342; x_wconf 87' lang='lat' dir='ltr'>auctores</span> <span class='ocrx_word' id='word_1_284' title='bbox 298 4278 438 4354; x_wconf 90' lang='lat' dir='ltr'>fuerunt,</span> <span class='ocrx_word' id='word_1_285' title='bbox 464 4277 683 4342; x_wconf 87' lang='lat' dir='ltr'>odiosissimus</span> <span class='ocrx_word' id='word_1_286' title='bbox 710 4277 780 4340; x_wconf 88' lang='lat' dir='ltr'>fuit.</span> <span class='ocrx_word' id='word_1_287' title='bbox 831 4276 957 4340; x_wconf 91' lang='lat' dir='ltr'>Deinde</span> <span class='ocrx_word' id='word_1_288' title='bbox 985 4274 1270 4340; x_wconf 89' lang='lat' dir='ltr'>Callicles-licet</span> 
     </span>
     <span class='ocr_line' id='line_1_39' title="bbox 120 4379 1269 4468; baseline -0.003 -23"><span class='ocrx_word' id='word_1_289' title='bbox 120 4382 227 4466; x_wconf 87' lang='lat' dir='ltr'>legem</span> <span class='ocrx_word' id='word_1_290' title='bbox 252 4379 371 4466; x_wconf 83' lang='grc' dir='ltr'>(νόμος)</span> <span class='ocrx_word' id='word_1_291' title='bbox 394 4401 413 4444; x_wconf 92' lang='lat' dir='ltr'>a</span> <span class='ocrx_word' id='word_1_292' title='bbox 436 4388 550 4444; x_wconf 90' lang='lat' dir='ltr'>natura</span> <span class='ocrx_word' id='word_1_293' title='bbox 573 4379 699 4468; x_wconf 78' lang='grc' dir='ltr'>(φύσις)</span> <span class='ocrx_word' id='word_1_294' title='bbox 716 4381 873 4463; x_wconf 85' lang='lat' dir='ltr'>sejungat,</span> <span class='ocrx_word' id='word_1_295' title='bbox 890 4379 1155 4463; x_wconf 85' lang='lat' dir='ltr'>tyrannicamque</span> <span class='ocrx_word' id='word_1_296' title='bbox 1178 4379 1269 4442; x_wconf 92' lang='lat' dir='ltr'>illam</span> 
     </span>
    </p>
   </div>
   <div class='ocr_carea' id='block_1_4' title="bbox 300 4533 1092 4606">
    <p class='ocr_par' dir='ltr' id='par_1_6' title="bbox 300 4533 1092 4606">
     <span class='ocr_line' id='line_1_40' title="bbox 300 4533 1092 4606; baseline -0.001 -14"><span class='ocrx_word' id='word_1_297' title='bbox 300 4536 412 4606; x_wconf 76' lang='lat' dir='ltr'>&#39;Bergk</span> <span class='ocrx_word' id='word_1_298' title='bbox 428 4536 473 4595; x_wconf 83' lang='lat' dir='ltr'>Gr.</span> <span class='ocrx_word' id='word_1_299' title='bbox 487 4536 542 4594; x_wconf 77' lang='lat' dir='ltr'>Ia&#39;t.</span> <span class='ocrx_word' id='word_1_300' title='bbox 557 4537 603 4592; x_wconf 91' lang='lat' dir='ltr'>IV.</span> <span class='ocrx_word' id='word_1_301' title='bbox 617 4541 687 4603; x_wconf 80' lang='lat'>446;</span> <span class='ocrx_word' id='word_1_302' title='bbox 706 4536 850 4605; x_wconf 88' lang='lat' dir='ltr'>Diimmler,</span> <span class='ocrx_word' id='word_1_303' title='bbox 863 4533 1037 4604; x_wconf 77' lang='lat' dir='ltr'>Akademika,</span> <span class='ocrx_word' id='word_1_304' title='bbox 1051 4536 1092 4592; x_wconf 83' lang='lat'>71.</span> 
     </span>
    </p>
   </div>
   <div class='ocr_carea' id='block_1_5' title="bbox 299 4625 1142 4761">
    <p class='ocr_par' dir='ltr' id='par_1_7' title="bbox 299 4625 1142 4761">
     <span class='ocr_line' id='line_1_41' title="bbox 299 4625 623 4698; baseline 0 -17"><span class='ocrx_word' id='word_1_305' title='bbox 299 4629 309 4658; x_wconf 87' lang='lat'>²</span> <span class='ocrx_word' id='word_1_306' title='bbox 322 4627 398 4698; x_wconf 65' lang='lat' dir='ltr'>aaa</span> <span class='ocrx_word' id='word_1_307' title='bbox 413 4630 463 4681; x_wconf 82' lang='lat' dir='ltr'>oar</span> <span class='ocrx_word' id='word_1_308' title='bbox 478 4627 578 4684; x_wconf 81' lang='lat' dir='ltr'>e-oaa</span> <span class='ocrx_word' id='word_1_309' title='bbox 592 4625 623 4681; x_wconf 82' lang='lat' dir='ltr'>n.</span> 
     </span>
     <span class='ocr_line' id='line_1_42' title="bbox 1118 4713 1142 4761; baseline 0 0"><span class='ocrx_word' id='word_1_310' title='bbox 1118 4713 1142 4761; x_wconf 87' lang='lat' dir='ltr'>n</span> 
     </span>
    </p>
   </div>
   <div class='ocr_carea' id='block_1_6' title="bbox 0 0 1514 5058">
    <p class='ocr_par' dir='ltr' id='par_1_8' title="bbox 0 0 1514 5058">
     <span class='ocr_line' id='line_1_43' title="bbox 0 0 1514 5058; baseline 0 1"><span class='ocrx_word' id='word_1_311' title='bbox 0 0 1514 5058; x_wconf 95' lang='lat' dir='ltr'> </span> 
     </span>
    </p>
   </div>
  </div>
 </body>
</html>
