3018 5058
547 1020 552 1033 ·
619 1006 710 1070 oar.
735 967 810 1068 nr.⁴

178 1167 311 1230 Constat
342 1165 475 1229 Critiam
504 1172 658 1228 oratorem
687 1163 932 1227 disertissimum
961 1163 1068 1237 luisse,
1094 1165 1185 1246 eujus
1213 1163 1277 1227 elo-

134 1270 284 1354 quentiae
307 1269 455 1352 quamvis
480 1275 687 1331 monumenta
709 1273 845 1330 aetatem
874 1288 938 1328 non
966 1267 1108 1343 tulerint,
1132 1289 1170 1330 ex
1195 1267 1277 1331 anti·

133 1394 270 1457 quorum
296 1372 428 1455 judiciis
459 1371 537 1435 satis
568 1371 679 1446 elucet,
711 1392 774 1454 quo
807 1391 921 1452 genere
952 1369 1079 1434 dicendi
1110 1392 1186 1434 usus
1218 1371 1279 1434 sit.¹

134 1477 318 1540 Falsissims
341 1482 425 1551 sunt,
442 1481 479 1537 ut
498 1475 565 1558 jam
590 1475 778 1558 Spengelius
803 1475 989 1558 perspexit,²
1004 1496 1086 1558 quae
1110 1475 1219 1538 Cicero
1243 1475 1277 1536 in

133 1582 233 1644 Brnto
262 1581 301 1643 de
332 1581 392 1643 hac
423 1601 455 1643 re
487 1580 613 1662 profert.
672 1588 687 1612 “
699 1580 785 1642 Huic
795 1579 811 1603 '’
839 1579 946 1663 inquit
972 1581 1096 1644 “aetati
1127 1602 1279 1663 suppares

133 1685 327 1760 Alcibiades,
339 1685 465 1760 Critias,
477 1683 696 1759 Theramenes,
708 1685 825 1767 quibus
837 1685 1043 1767 temporibus,
1054 1685 1139 1768 quod
1152 1685 1279 1748 dicendi

132 1810 234 1872 genus
250 1789 395 1869 viguerit,
412 1810 429 1851 e
445 1787 641 1870 Thucydidis
657 1788 793 1870 scriptis,
806 1789 862 1871 qui
878 1789 946 1872 ipse
962 1797 1031 1852 tum
1049 1790 1120 1866 fuit,
1136 1789 1280 1871 intellegi

133 1893 273 1956 maxime
289 1899 408 1976 potest:
422 1891 558 1976 grandes
574 1898 666 1955 erant
681 1893 795 1968 verbis,
812 1893 912 1956 crebri
930 1893 1106 1969 sententiis,
1124 1913 1280 1975 compres-

133 1997 223 2060 sione
248 2017 352 2060 rerum
377 1997 497 2071 breves,
521 2002 554 2060 et
578 1997 618 2059 ob
643 2017 713 2059 eam
737 1996 841 2079 ipsam
866 2017 995 2060 eausam
1020 1997 1181 2060 interdum
1207 1996 1280 2059 sub-

134 2100 286 2164 obscuri.''
333 2099 420 2163 Illud
443 2101 529 2165 enim
546 2101 780 2176 “subobscuri”
798 2102 917 2165 Critiae
933 2101 1016 2176 stilo,
1033 2123 1051 2165 a
1075 2101 1232 2183 Dionysio
1249 2107 1280 2164 et

134 2205 337 2288 Hermogene
363 2206 499 2269 testibus
523 2205 625 2268 multo
648 2205 908 2288 locupletioribus
932 2205 1099 2289 descripto,
1116 2205 1193 2269 adeo
1216 2226 1281 2267 non

134 2309 294 2385 convenit,
324 2315 361 2372 ut
391 2309 553 2373 versimile
583 2311 626 2372 sit
662 2310 846 2374 Ciceronem
883 2311 917 2372 in
948 2331 1085 2374 errorem
1123 2309 1280 2373 incidisse.

134 2397 267 2476 Rectius
289 2412 324 2475 in
346 2410 437 2476 libris
453 2413 499 2475 De
516 2415 642 2477 Oratore
658 2413 793 2477 Critiam
816 2423 848 2477 et
863 2413 1101 2487 ¹Theramenem
1118 2436 1137 2477 a
1152 2413 1279 2495 Thucy-

134 2516 211 2580 dide
227 2517 366 2601 sejungit
389 2523 421 2581 et
444 2538 518 2582 cum
541 2518 636 2601 Lysia
653 2518 821 2594 consociat,
837 2519 941 2595 nixus,
958 2525 995 2582 ut
1018 2519 1086 2602 ipse
1102 2519 1279 2602 profitetur,

133 2622 260 2708 scriptis
289 2623 459 2698 nonnullis,
484 2643 565 2705 quae
596 2643 660 2685 una
691 2643 765 2685 eum
795 2623 909 2705 Lysiae
936 2623 1133 2687 orationihus
1164 2623 1283 2686 laudat.

135 2727 228 2802 Quae
249 2725 373 2807 judicia
400 2726 477 2790 adeo
505 2731 581 2790 sunt
607 2727 741 2802 diversa,
768 2733 805 2790 ut
831 2728 874 2791 sit
901 2728 1073 2811 probabile,
1097 2727 1281 2792 Ciceronem

134 2831 216 2893 haec
232 2830 351 2914 scripta
367 2852 532 2914 nunquam
555 2831 663 2895 dedita
679 2852 773 2915 opera
789 2832 968 2916 perlegisse,
985 2841 1017 2896 et
1040 2833 1075 2895 iu
1097 2834 1205 2908 Bruto,
1221 2833 1283 2895 alio

134 2943 281 3016 tempore
319 2935 445 3020 alioque
479 2935 619 3012 consilio,
653 2957 689 2999 ac
722 2937 768 2998 De
807 2938 932 3000 Oratore
970 2937 1159 3020 conscripto,
1190 2937 1282 3001 novis

134 3039 322 3104 auctoribus
338 3061 432 3104 usum
448 3061 523 3104 esse.

185 3142 249 3219 Qui
282 3143 371 3208 locus
404 3143 439 3206 in
474 3143 555 3208 serie
588 3150 750 3208 oratorum
786 3146 903 3210 Critiae
937 3147 1147 3229 assignandus
1181 3147 1232 3222 sit,
1268 3168 1285 3209 a

134 3245 297 3328 Dionysio
331 3246 610 3311 Halicarnassensi
644 3249 822 3312 accuratius
856 3250 1025 3325 indicatur,
1054 3251 1110 3334 qui
1145 3271 1218 3314 eum
1250 3251 1285 3312 in

135 3349 277 3415 eundern
290 3350 434 3414 ordinem
447 3351 569 3435 redegit
580 3373 617 3415 ac
629 3352 765 3434 Lysiam.
805 3353 919 3436 Neque
931 3355 1004 3436 jure
1016 3355 1284 3419 Wilamowitzius

135 3454 268 3517 dubitat
298 3475 340 3518 an
371 3455 548 3538 Dionysius
582 3457 700 3521 Critiae
733 3479 827 3541 opera
859 3459 1057 3542 inspexerit.³
1101 3461 1165 3523 Hic
1198 3461 1284 3523 enim

135 3557 261 3622 Critiae
283 3565 316 3622 et
338 3560 515 3624 Andocidis
538 3562 705 3638 orationes
721 3570 875 3646 tanquam
898 3563 1069 3628 lectoribus
1085 3565 1162 3628 satis
1185 3573 1286 3640 notas,

136 3662 254 3738 adfert,
284 3663 425 3747 alibique
464 3664 597 3729 Critiam
634 3667 720 3730 inter
754 3688 806 3731 eos
841 3669 1010 3752 scriptores
1047 3675 1213 3733 enumerat
1248 3671 1287 3734 de

137 3766 259 3849 quibus
285 3787 350 3830 non
376 3768 420 3830 sit
449 3768 572 3851 prolixe
599 3769 828 3846 disserendum,
851 3772 937 3835 unde
960 3772 1064 3836 elucet
1091 3775 1285 3856 Dionysium

138 3872 307 3934 materiem
324 3872 453 3936 uberius
470 3873 509 3936 de
526 3875 626 3937 Critia
641 3875 828 3958 disputandi
843 3877 877 3938 in
894 3885 1044 3960 promptu
1062 3879 1219 3942 habuisse.

187 3975 315 4038 Primus
332 3975 557 4059 Hermogenes,
574 3979 630 4061 qui
647 3979 779 4043 Critiam
797 4001 949 4044 unacum
966 3981 1075 4045 decem
1090 3983 1156 4045 illis
1171 3989 1288 4046 orator-

138 4081 216 4144 ibus
232 4087 382 4154 recenset,
395 4082 505 4144 stilum
519 4082 587 4164 ejus
600 4083 708 4147 dedita
720 4105 815 4168 opera
826 4085 985 4149 describit.
1022 4087 1139 4150 Censet
1155 4087 1289 4151 Critiam

140 4182 300 4248 nonnulla
311 4205 385 4247 cum
397 4185 599 4269 Antiphonte
612 4189 794 4252 communia
810 4189 968 4266 habuisse,
981 4211 1045 4275 qua
1056 4191 1091 4254 in
1102 4213 1136 4256 re
1149 4191 1289 4255 Pseudo·

140 4288 318 4354 Plutarcho
333 4288 520 4353 assentitur:
535 4291 673 4355 traditur
689 4293 774 4356 enim
790 4293 825 4356 in
845 4295 915 4359 Vite
930 4295 1139 4382 Antiphontis
1155 4297 1289 4360 Critiam

216 4503 225 4534 ¹
241 4499 306 4555 Teet.
323 4502 385 4558 Ant.
400 4502 430 4558 V.
447 4505 522 4556 1-10.
690 4506 830 4576 ²Spengel,
845 4508 990 4576 eruyoytl
1003 4511 1104 4578 reputo,
1119 4528 1143 4581 p.
1160 4515 1218 4566 120.

215 4584 278 4645 ²01.
292 4580 468 4659 Wilamowitz,
482 4589 529 4650 loc.
544 4592 588 4647 eit.
