3018 5058
808 431 828 492 4

288 602 364 680 (11.)
385 601 431 663 Ὤ
459 600 578 666 Μένων
604 601 668 687 πρὸ
693 606 750 667 τοῦ
772 601 832 683 μὲν
856 600 1019 666 Θετταλοὶ
1043 601 1203 684 εὐδόκιμοι
1225 599 1311 682 ἦσαν
1335 600 1389 665 καὶ

244 703 457 786 ἐθαυμάζοντο
474 705 523 790 ἐφ’
542 704 659 790 ἱππικῇ
676 732 710 770 τε
726 704 779 770 καὶ
795 713 937 795 πλούτῳ,
954 711 1008 771 νῦν
1024 706 1066 791 δε,
1083 707 1124 776 ὡς
1141 704 1211 789 ε’μοὶ
1227 705 1320 790 δοκεῖ,
1337 704 1391 770 καὶ

243 806 297 872 ἐπὶ
313 809 424 895 σοφίᾳ,
437 809 491 874 καὶ
507 809 569 896 οὐχ
580 809 699 890 ἥκιστα
711 807 742 876 οἱ
751 811 808 890 τοῦ
820 802 1019 902 σηῧὲτινίρόυ
1032 809 1244 897 Λριστίππου
1255 815 1391 875 πολῖται

242 911 428 997 Λαρίσαιοι·
474 911 588 978 τούτοιν
617 912 651 978 δὲ
678 913 752 994 ὑμῖν
778 909 879 988 αι’τιός
905 911 977 979 ἐστι
1008 913 1154 1001 Γοργίας·
1200 912 1391 997 ἀφικόμενος

239 1015 302 1103 γὰρ
318 1015 362 1086 εἰς
377 1016 435 1097 τὴν
450 1016 548 1084 πόλιν
564 1016 701 1106 ἐραστὰς
718 1017 772 1082 ε’πὶ
787 1018 890 1105 σοφία
912 1019 1044 1104 εἴληφεν
1060 1017 1244 1084 ’Ἀλευαδῶν
1266 1045 1301 1082 τε
1316 1043 1389 1088 τους

241 1119 397 1206 πρώτους,
414 1120 458 1188 ὧν
473 1120 490 1186 ό
507 1120 564 1192 σὸς
588 1122 726 1210 ἐραστής
750 1122 841 1188 ἐστιν
864 1121 1093 1210 Ἀρίστιππος,
1114 1121 1169 1188 καὶ
1192 1127 1256 1188 τῶν
1278 1121 1392 1188 ἀλλων

243 1224 554 1291 Θετταλῶν-Μαί.
569 1229 648 1290 Μαι.
667 1228 728 1295 178
746 1228 780 1291 B.

284 1383 359 1463 (12.)
387 1381 468 1446 κατὰ
484 1380 517 1446 δὲ
532 1390 644 1446 τοῦτον
660 1382 715 1448 τὸν
730 1385 842 1468 καιρὸν
858 1384 912 1466 (se.
931 1384 1010 1445 intio
1034 1389 1243 1465 tyrannorum
1268 1389 1387 1466 potest·

240 1485 315 1568 atis)
346 1483 420 1572 περὶ
451 1485 544 1566 ἡλίου
574 1486 725 1573 ἐκλειφιν
751 1484 943 1572 Λυκόφρων,
971 1483 987 1550 ὁ
1018 1486 1163 1574 Φεραῖος,
1188 1484 1388 1568 βουλόμενος

241 1585 338 1672 ἄρξαι
374 1587 451 1669 ὅλης
489 1594 545 1670 τῆς
583 1590 766 1660 Θετταλίας
803 1588 876 1662 τοὺς
911 1588 1166 1672 ἐναντιουμένους
1200 1589 1288 1675 αὐτῷ
1312 1589 1388 1654 ’τῶν

241 1690 427 1776 Θετταλῶν,
465 1692 664 1778 Λαρισαίους
706 1719 741 1757 τε
778 1691 833 1757 καὶ
872 1691 1004 1777 ἀλλους,
1043 1691 1135 1778 μάχη
1172 1691 1298 1772 ἐνίκησε
1337 1691 1387 1757 καὶ

241 1799 386 1865 πολλοὺς
402 1793 720 1861 ἀπέκτεινεν-Χία.
737 1798 820 1859 Ηίεί.
839 1797 941 1859 Graes.
960 1797 1004 1860 ΙΙ.
1022 1798 1050 1871 3,
1065 1797 1093 1858 4.

283 1951 362 2033 (13.)
387 1951 523 2037 Κριτίας
537 1951 596 2034 μὲν
612 1951 723 2037 φυγὼν
738 1952 782 2021 εἰς
797 1952 983 2016 Θετταλίαν
1000 1951 1064 2016 ἐκεῖ
1084 1955 1184 2032 συνῆν
1208 1950 1387 2038 ἀνθρώποις

240 2053 357 2142 ἀνομία
371 2059 500 2136 μᾶλλον
515 2054 535 2136 ἢ
551 2054 737 2140 δικαιοσύνῃ
754 2054 1065 2144 χρωμένοις.--Χιιι.
1083 2057 1170 2119 Mem.
1189 2055 1213 2118 I.
1232 2057 1260 2130 2,
1278 2056 1327 2117 24.

283 2210 362 2292 (14.)
386 2207 440 2273 καὶ
456 2207 556 2293 εἰμὲν
577 2209 767 2280 ἀπαίδευτος
792 2210 835 2275 ὢν
859 2209 902 2280 είς
927 2210 1003 2276 τάδε
1028 2209 1160 2297 ὑπήχθη
1186 2207 1297 2296 ἐρρωτ’
1315 2207 1387 2274 ἂνό

239 2310 335 2392 λόγος
362 2317 428 2381 τοῖς
455 2313 639 2398 φάσκουσιν
666 2313 728 2380 ὑπὸ
755 2313 938 2382 Θετταλίας
965 2311 1019 2378 καὶ
1045 2318 1101 2394 τῆς
1128 2312 1230 2396 ἐκείνη
1257 2309 1388 2394 ὁμιλίας

238 2416 474 2503 παρεφθορέναι
490 2416 594 2483 αὐτόν.
684 2469 690 2481 .
790 2469 796 2481 .
895 2469 900 2482 .

237 2519 323 2585 ὥστε
347 2521 567 2607 ἐνθυμουμένῳ
592 2525 696 2587 ταῦτα
721 2521 857 2609 Κριτίας
879 2520 983 2602 ἂνεῖη
1008 2519 1194 2590 Θετταλοὺς
1212 2517 1387 2607 διεφθορὼς

236 2628 366 2706 μᾶλλον
381 2623 401 2707 ἢ
419 2625 558 2714 Κριτίαν
575 2627 921 2692 &semitis—Philon.
945 2627 1006 2689 Vis,
1027 2625 1157 2709 θεηιάίεί.
1176 2625 1201 2688 I.
1220 2626 1267 2688 16.

278 2783 357 2862 (15.)
381 2781 472 2852 τέλος
488 2781 522 2846 δὲ
547 2782 682 2869 Κριτίας
699 2781 848 2847 ἐδίδασκε
862 2779 1053 2869 Λύσανδρον
1068 2781 1110 2850 ὡς
1126 2778 1308 2860 Ἀθηναίων
1328 2779 1387 2845 οὐκ

237 2883 308 2950 ἐστι
346 2885 650 2973 δημοκρατουμένων
687 2889 847 2974 ἀσφαλῶς
884 2885 998 2974 ἄρχειν
1032 2883 1293 2966 Λακεδαιμονίοις
1330 2888 1387 2964 τῆς

231 2987 403 3060 Ἑλλάδος·
451 2990 640 3073 Ἀθηναίους
670 2990 704 3056 δὲ
734 2993 795 3057 κᾶν
825 2991 935 3077 πρᾴως
965 2988 1052 3056 πάνυ
1081 2987 1136 3054 καὶ
1165 2991 1272 3058 καλῶς
1302 2986 1386 3074 πρὸς

238 3094 432 3181 ὀλιγαρχίαν
449 3093 581 3184 ἔχουσιν
597 3095 654 3160 οὐκ
670 3095 759 3160 ἐάσει
776 3098 834 3176 ζῶν
850 3094 1065 3174 Ἀλκιβιάδης
1080 3094 1228 3179 ἀτρεμεῖν
1243 3091 1298 3158 ἐπὶ
1321 3095 1386 3158 τῶν

138 3257 141 3265 A
236 3196 590 3264 icaOeowiva.—Plstt.
607 3201 676 3265 Alc.
694 3203 742 3264 38.

279 3372 399 3436 Eodem
431 3379 574 3456 tempore
610 3373 725 3437 Critias
764 3372 924 3456 ceterique
964 3371 1094 3454 tyranni
1132 3369 1383 3433 Atheniensium

235 3483 335 3539 certos
366 3477 510 3541 homines
541 3477 581 3540 ad
612 3477 812 3559 Lysandrum
838 3477 870 3539 in
902 3475 1015 3539 Asiam
1043 3475 1202 3550 miserant,
1226 3472 1283 3557 qui
1308 3494 1383 3537 eum

236 3580 401 3644 certiorem
414 3583 564 3657 facerent,
578 3581 640 3644 nisi
653 3580 837 3644 Alcibiades
853 3579 1044 3654 sustulisset,
1057 3577 1139 3640 nihil
1156 3599 1264 3640 earum
1276 3597 1384 3640 rerum

236 3682 301 3745 fore
322 3690 427 3746 ratum
450 3705 530 3766 quas
554 3685 623 3767 ipse
644 3683 782 3746 Athenis
804 3681 1034 3746 constituisset:
1070 3701 1176 3763 quare,
1193 3679 1220 3742 si
1241 3700 1314 3742 suas
1334 3700 1386 3744 res

234 3793 339 3868 gestas
355 3809 484 3851 manere
500 3786 606 3862 vellet,
622 3787 713 3850 illum
731 3785 1104 3872 persequeretur.—Nep.
1130 3782 1191 3847 Vt.
1209 3784 1277 3846 Ace.
1297 3785 1345 3846 10.

475 4085 538 4148 HI.
562 4086 615 4147 ΒΕ
639 4085 1142 4150 Cs1s1iGosslssD1scisnL0.

277 4271 335 4352 (1.)
358 4268 539 4358 διαλεχθεὶς
567 4269 601 4335 δὲ
626 4270 802 4350 Ἀθήνησιν
818 4274 871 4354 (sc.
900 4267 1049 4356 Γοργίας)
1072 4267 1132 4349 ἤδη
1157 4269 1331 4353 γηράσκων
1355 4269 1387 4334 εἰ

232 4371 291 4453 μὲν
315 4369 378 4437 ὑπὸ
402 4377 467 4438 τῶν
491 4377 626 4440 πολλῶν
650 4373 849 4456 ἐθαυμάσθη,
864 4371 955 4438 οόπω
982 4368 1131 4456 θαῦμα,ό
1157 4369 1191 4434 δὲ
1215 4368 1303 4452 οἶμαι
1328 4370 1385 4436 καὶ

233 4475 305 4546 τοὺς
321 4476 603 4561 ἐλλογιμωτάτους
625 4478 838 4566 ἀνηρτήσατο,
862 4475 999 4563 Κριτίαν
1023 4476 1081 4556 μὲν
1096 4473 1150 4539 καὶ
1167 4473 1384 4554 Ἀλκιβιάδην

234 4577 293 4644 νέω
309 4579 380 4645 όντε
396 4613 422 4651 κ.
440 4612 467 4647 τ.
484 4585 687 4649 λ.-Ρίιι’ίο.ςί.
712 4584 773 4646 Vit.
791 4584 921 4665 Sophist.
940 4583 964 4644 I.
983 4583 1009 4642 9.
