3018 5058
667 460 709 526 45

16 637 27 744 ¹,
113 639 145 698 et
169 635 272 700 varias
297 637 496 718 conjectures
521 635 723 718 protulerint,
747 635 786 700 de
811 656 847 698 ea
872 656 904 699 re
927 633 1036 719 paullo
1059 635 1188 698 uberius
1213 639 1263 699 est

111 737 339 802 disserendum.

155 838 219 926 §2
244 840 325 904 Inde
346 842 387 904 ab
402 841 496 904 initio
521 841 616 925 hujus
633 841 751 905 saeculi
775 840 1006 906 dubitaverunt
1021 842 1081 905 viri
1098 841 1201 906 critici
1221 862 1262 904 an

112 943 292 1027 Xenophon
314 946 615 1010 commentationem
631 946 671 1009 de
686 945 863 1029 Republica
879 946 1128 1010 Atheniensium
1144 945 1178 1008 in
1194 966 1261 1009 cor-

111 1067 186 1130 pore
225 1049 294 1131 ejus
325 1050 516 1133 scriptorum
552 1057 711 1114 servatam
741 1071 775 1114 re
805 1071 880 1114 vere
919 1049 1089 1132 scripserit.
1146 1049 1261 1132 Itaque

111 1150 196 1216 Guil.
213 1152 436 1230 Waehsmuth
453 1154 641 1219 Schneideri
657 1154 801 1236 vestigiis
817 1154 987 1238 ingressus,
1004 1155 1090 1216 hunc
1112 1151 1259 1216 libellum

110 1275 265 1319 unacum
287 1278 438 1340 germano
461 1257 526 1332 illo,
542 1259 582 1322 de
604 1257 782 1341 Republica
805 1257 1136 1332 Lacedaemoniorum,
1152 1257 1259 1319 Xeno-

109 1358 224 1440 phonti
247 1361 444 1443 abjudicavit
466 1371 498 1425 et
522 1363 641 1426 Critiae
664 1363 852 1445 adscripsit.¹
897 1361 1025 1426 Nostris
1048 1369 1154 1425 tamen
1179 1368 1258 1425 tem·

109 1463 240 1545 poribus
253 1464 412 1549 plerisque
429 1466 534 1549 placet
545 1465 781 1554 Rempabliccm
797 1466 1110 1531 Lacedaemoniorum
1120 1487 1140 1528 a
1153 1466 1260 1530 Xeno-

109 1566 231 1647 phonte
261 1589 329 1634 esse
359 1571 579 1654 compositam:
619 1579 715 1654 atque
746 1572 924 1654 fragmenta
954 1591 1035 1653 quae
1066 1571 1105 1633 de
1140 1569 1260 1634 Critiae

111 1668 281 1750 Republica
297 1671 608 1740 Lacedaemoniorum
624 1682 797 1759 supersunt
817 1683 926 1758 aperte
942 1675 1173 1750 demonstrant,
1185 1695 1259 1737 eum

107 1777 507 1862 auctoremXenophontis
517 1779 620 1844 libelli
630 1800 693 1842 nou
704 1780 809 1844 fuisse.
839 1780 967 1844 Primus
977 1779 1156 1842 Roscherns
1163 1777 1259 1861 justis

107 1879 1259 1972 confecitargumentisXenophontemRempubliccm.1itlreuiensiumnon

107 1985 364 2068 conscripsisse:'
379 2008 475 2070 quem
485 1997 640 2071 sequutus
651 1987 839 2063 Boeckhins,
850 1988 997 2070 quamvis
1008 1987 1109 2070 prima
1118 1987 1258 2050 editione

107 2089 300 2169 opusculum
311 2091 520 2174 Xenophonti
533 2091 716 2174 abjudicare
729 2113 793 2154 non
806 2112 910 2167 ausus,
921 2113 954 2155 re
965 2092 1083 2154 iterum
1095 2112 1259 2174 perpensa,

106 2190 170 2254 sibi
177 2194 412 2274 persuasit,non
422 2197 599 2260 sententias
612 2196 704 2260 modo
714 2197 770 2260 sed
780 2197 877 2260 etiam
884 2196 995 2260 stilum
1005 2217 1024 2258 a
1033 2195 1258 2277 Xenophontis

106 2296 239 2378 ingenio
251 2298 418 2364 abhorrere
429 2303 456 2363 :³
471 2301 523 2363 cui
532 2300 655 2383 judicio
668 2321 778 2364 omues
794 2301 888 2364 hodie
900 2300 1125 2364 assentiuntur.
1172 2300 1203 2361 N
1205 2321 1256 2364 am

107 2399 180 2464 luce
197 2402 312 2467 clarius
328 2411 384 2479 est,
401 2410 626 2488 argumentum
642 2410 746 2468 toturn
764 2426 826 2468 non
843 2405 1067 2486 Xenophontis
1083 2403 1190 2481 aetati,
1202 2404 1257 2467 sed

106 2506 244 2587 tempori
260 2527 324 2589 quo
335 2507 585 2572 Atheniensium
599 2515 739 2591 potestas
752 2509 874 2592 integra
891 2508 1120 2572 luit-scilieet
1135 2508 1257 2590 primae

105 2607 241 2672 stationi
257 2610 333 2676 belli
350 2610 835 2694 Peloponnesiaci—convenire.

152 2712 333 2778 Boeckhius
356 2721 464 2780 autern
486 2716 654 2800 negatione
678 2737 742 2780 non
765 2723 943 2792 contentus,
960 2737 1071 2780 verum
1094 2722 1255 2782 auctorem

105 2837 259 2898 quaerere
299 2820 450 2900 perrexit,
476 2828 573 2903 atque
607 2821 785 2884 rectissime
815 2821 930 2884 statuit
959 2841 1033 2886 eum
1068 2820 1256 2901 optimatem

105 2916 269 2998 quendam
298 2919 416 2982 summi
446 2920 567 3003 ingenii
598 2921 714 2984 luisse:
746 2921 867 2984 minore
896 2930 1004 2983 tamen
1032 2919 1257 3002 probabilitate

104 3018 240 3095 eddidit,
264 3020 411 3085 libellum
435 3022 555 3086 Critiae
581 3022 718 3107 ingenio,
742 3042 817 3105 prae
843 3029 1020 3086 ceterorum
1047 3023 1259 3106 respondere.⁴

104 3123 199 3185 Haeo
215 3124 302 3187 enim
318 3125 488 3209 descriptio
505 3146 569 3192 non
586 3126 686 3210 magis
704 3127 831 3201 Critiae,
847 3146 943 3210 quam
960 3125 1108 3209 optimati
1124 3126 1257 3190 cuilibet

104 3227 266 3290 convenit.
317 3229 446 3292 Etenim
470 3229 540 3294 fieri
562 3239 668 3311 potest
692 3239 727 3292 ut
749 3229 1079 3312 Pseudo-Xenophon,
1096 3230 1257 3312 popularis

104 3330 249 3394 civitatis
265 3341 437 3414 pertaesus,
449 3333 489 3396 ad
505 3332 735 3416 rempublicam
751 3334 882 3396 omnino
898 3355 962 3396 non
977 3333 1152 3409 accesserit,
1162 3335 1207 3396 ita
1220 3344 1257 3397 ut

104 3455 148 3497 ne
170 3455 285 3497 nomen
308 3437 439 3519 quidem
461 3437 495 3500 in
519 3438 609 3500 sestis
631 3437 674 3500 sit
697 3447 864 3501 servatum.
911 3438 1076 3500 Praeterea
1101 3438 1256 3521 Bergkius

103 3538 282 3602 rectissime
306 3543 438 3615 monuit,
455 3541 601 3605 libellum
618 3541 735 3606 (lritiae
748 3543 920 3624 juventute
942 3562 1010 3605 essa
1031 3541 1256 3625 conscriptum,

104 3645 493 3729 Pseudo-Xenophontem
508 3657 619 3710 eontra
630 3647 742 3731 longae
754 3648 839 3710 vitae
851 3645 1047 3730 experientia
1059 3654 1255 3710 maturatum

142 3851 148 3878 ¹
162 3852 228 3907 (luil.
244 3855 420 3924 Wecbsmuth,
434 3854 600 3910 Helleaieelee
618 3854 898 3924 Altbertlmamlmnda,
918 3855 940 3912 I.
955 3855 1013 3911 798.
1052 3854 1090 3908 cf.
1110 3855 1177 3908 Xon.
1190 3853 1254 3923 (lld.

102 3942 264 4012 Schneider),
277 3945 323 4000 VI.
338 3952 380 4001 88,

142 4029 285 4099 ’ΒοεοΙιει·,
299 4030 391 4099 Leben,
413 4030 505 4098 ll'erlca
519 4031 649 4086 Zeitalter
661 4031 704 4086 des
721 4031 894 4103 Thucydides,
908 4035 967 4088 526.

140 4118 272 4186 ’Boecklr
287 4118 568 4190 Staatslrauslraltunp,
581 4119 642 4189 (lld.
657 4120 724 4189 ΙΙΙ.)
737 4121 758 4177 Ι.
773 4125 832 4178 389.

143 4208 152 4238 ⁴
165 4206 208 4260 Sia
226 4208 261 4260 ist
272 4207 318 4260 das
331 4208 410 4262 Werk
423 4209 493 4264 eines
505 4207 671 4261 atherrischen
682 4208 833 4276 Oligarchen
844 4224 893 4262 von
903 4224 1001 4276 gretser
1013 4207 1133 4276 Bildnng,
1147 4207 1252 4276 Thnky·

101 4293 248 4348 didelsoher
260 4295 434 4364 Objektivit'at
446 4295 492 4348 der
503 4295 654 4364 politisehen
667 4295 852 4363 Betrechtung‚
862 4295 1110 4364 durehdringendenr
1122 4294 1252 4347 Verstand

101 4380 160 4434 und
177 4381 270 4435 leinem
290 4382 398 4449 Humor,
411 4383 473 4436 aber
489 4384 556 4435 ohne
574 4382 698 4450 (lemiitb,
712 4382 817 4436 welches
830 4382 879 4436 den
893 4383 1000 4436 nreisterr
1013 4381 1165 4449 Oligarchen
1177 4380 1250 4449 fehlt,

102 4468 216 4522 Keinem
234 4469 333 4524 ecbeint
345 4469 382 4522 sie
399 4469 447 4520 mir
465 4484 660 4537 augenressener
676 4483 708 4520 zu
724 4469 786 4536 sein,
798 4469 837 4520 els
849 4467 907 4520 dem
925 4467 1025 4521 Krities
1037 4467 1094 4520 dem
1109 4465 1194 4520 Sohne
1207 4466 1252 4519 des

101 4555 382 4620 {lausannensem
404 4557 547 4625 proseische
572 4556 683 4610 Politien
706 4557 799 4610 eberiso
823 4556 1012 4610 unzueiiellrait
1036 4555 1094 4608 siml
1114 4555 1160 4607 wie
1181 4555 1251 4608 seine

99 4643 297 4698 dichteriseheu.
335 4643 433 4713 Bbckh,
447 4642 495 4698 loe.
509 4642 553 4698 cit.
