3018 5058
687 456 727 519 33

135 634 151 660 “
165 629 291 694 πωλοι”
308 629 372 693 huc
394 629 566 712 pertinent,
581 629 695 694 cornici
718 630 805 694 eninr
827 628 984 714 ejusmodi
1007 627 1192 712 compositis
1213 647 1280 690 sae·

134 733 265 815 pissime
292 732 449 798 utuntur.1
494 736 661 799 Praeterea
689 738 826 820 ὀψωνεῖν
853 755 926 798 cum
953 733 1168 817 Aristophane
1195 752 1281 795 com-

135 857 232 901 mune
264 837 370 914 habet,
394 844 426 902 et
459 837 613 925 ιἰστύτριψ
641 860 714 902 cum
742 839 885 922 ejusdem
916 835 1055 924 ᾡκότριψ
1090 832 1282 921 Εὐριπίδης’

134 941 364 1005 conferendum
381 947 437 1007 est.
483 942 598 1026 Elucet
621 943 720 1028 igitur
736 943 869 1008 Critiam
885 962 1030 1007 sermone
1046 940 1171 1023 vulgari
1187 959 1281 1002 usum

136 1065 214 1121 esse,
229 1067 293 1128 qua
308 1047 343 1109 in
359 1067 402 1124 re,
418 1046 453 1110 ni
469 1047 571 1122 fallor,
588 1047 727 1112 Socratis
743 1047 935 1110 familiarem
952 1066 1120 1130 agnoscere
1136 1043 1219 1108 licet

181 1150 308 1214 Primus
324 1158 483 1215 oratorum
499 1153 675 1216 sententias
695 1143 806 1235 graves
822 1151 962 1234 simplici
984 1170 1128 1214 sermone
1144 1147 1284 1223 vestivit,

136 1252 417 1338 eloquentiamque
448 1255 488 1319 ad
527 1255 671 1340 linguam
702 1256 865 1340 vulgarem
902 1254 1139 1319 accommodare
1178 1272 1285 1328 ansus,

135 1357 251 1440 Lysiae
272 1359 363 1421 tenui
387 1358 435 1422 illi
457 1361 572 1423 oratori
593 1360 678 1423 viam
701 1361 848 1436 munivit,
865 1359 921 1443 qui
944 1359 1004 1422 hac
1024 1358 1094 1442 ipsa
1110 1358 1228 1420 virtute
1245 1356 1284 1418 ab

135 1462 324 1545 aequalibus
347 1463 610 1548 distinguebatur,
665 1464 811 1527 Medium
834 1464 932 1548 igitur
954 1462 1060 1526 locum
1083 1461 1167 1524 inter
1189 1459 1284 1522 Anti-

136 1568 291 1650 phontem
307 1573 340 1630 et
355 1567 484 1650 Lysiam
501 1573 643 1650 occupat,
660 1588 772 1650 neque,
788 1567 816 1630 si
832 1565 1027 1650 Hermogeni
1043 1571 1075 1628 et
1091 1562 1286 1627 Philostrato

135 1672 234 1734 fidem
264 1671 414 1735 adhibere
444 1670 528 1749 licet,
556 1671 707 1756 indignus
747 1680 804 1747 est,
831 1671 887 1754 qui
922 1670 1036 1753 Lysiae
1075 1667 1286 1752 praenuntius

136 1781 351 1860 nuncupetur.

184 1881 259 1943 Non
289 1889 339 1944 est
368 1880 501 1944 dubium
533 1881 612 1964 quin
649 1881 785 1944 oratoria
824 1880 944 1945 Critiae
975 1878 1094 1963 scripta
1133 1875 1287 1950 Ciceroni,

137 1985 305 2068 Dionysia,
321 1986 517 2070 Hermogeni
540 1990 616 2049 nota
640 1987 775 2050 luerint:
799 1985 855 2049 sed
878 2006 941 2048 non
964 1985 1010 2048 ita
1032 1989 1153 2048 certum
1177 1989 1226 2045 est
1246 2001 1287 2043 an

136 2089 219 2152 haec
229 2089 337 2171 justae
355 2089 475 2152 luerint
490 2090 655 2154 orationes.
703 2090 815 2153 Unum
830 2071 1037 2153 certelocum
1052 2087 1215 2162 habemus
1231 2083 1287 2168 qui

137 2193 223 2256 hanc
262 2193 483 2274 quaestionem
523 2194 674 2277 expedire
713 2195 849 2257 videtur.
910 2192 1088 2276 Dionysius
1127 2191 1222 2265 enim,
1253 2189 1287 2251 in

138 2297 376 2381 'l'hrasymachi
402 2299 477 2362 stilo
501 2298 708 2362 describendo
735 2298 883 2362 meminit
906 2318 979 2362 enm
999 2298 1103 2379 justas
1130 2295 1288 2358 orationes

138 2422 207 2464 non
223 2401 407 2485 reliquisse;
424 2401 578 2485 additque
590 2385 701 2467 eadem
717 2403 833 2466 fereda
851 2402 952 2466 Oritia
964 2402 1027 2465 dici
1043 2403 1155 2484 possa³
1200 2399 1288 2474 Quae

140 2506 241 2570 verba
263 2506 309 2568 ita
332 2491 474 2589 accipere
497 2528 675 2590 possumus,
692 2514 728 2571 ut
743 2514 930 2583 statuamus,
948 2506 1081 2570 Critiam
1105 2514 1138 2569 et
1152 2504 1289 2584 Thrasy·

139 2611 292 2674 maehum
312 2633 375 2674 non
401 2611 493 2675 ruodo
515 2612 625 2676 eodem
647 2612 903 2696 generedicendi
928 2632 1001 2674 usos
1023 2631 1100 2686 esse,
1115 2609 1171 2673 sed
1193 2609 1290 2672 etiam

137 2714 261 2780 similia
292 2715 493 2799 eloquentiae
528 2722 737 2780 monumenta
768 2716 951 2800 reliquisse:
990 2715 1074 2777 unde
1105 2717 1291 2796 sequeretur

135 2822 245 2904 justas
284 2820 404 2884 Critiae
440 2821 598 2885 orationes
627 2820 786 2904 Dionysio
817 2841 881 2883 non
911 2826 1002 2883 notas
1033 2819 1138 2882 fuisse.
1196 2818 1291 2879 ‘Atta-

141 2945 219 2988 men
245 2925 383 3000 criticus,
406 2927 497 3008 cujus
523 2926 696 2989 auctoritas
721 2925 754 2986 in
781 2925 841 2987 hac
864 2924 1049 3007 quaestione
1074 2921 1213 2985 maxima
1236 2927 1293 2994 est,

143 3026 209 3092 sibi
232 3027 389 3110 persuasit
412 3028 607 3112 Dionysium
631 3029 663 3090 in
688 3029 748 3092 hac
771 3049 804 3092 re
824 3049 951 3103 errasse,
967 3034 1054 3092 ratus
1071 3030 1210 3113 ὀλίγους
1227 3024 1294 3106 (vel

140 3130 184 3198 οὐ
208 3133 369 3212 πολλοὺς)
385 3130 582 3199 ἀπολέλοιπε
603 3135 730 3219 λόγους
745 3132 948 3197 scribendum
972 3130 1061 3196 essa*
1106 3132 1195 3209 erae
1218 3151 1292 3192 cunr

141 3237 193 3298 ita
240 3235 306 3298 sint
347 3236 497 3318 Dionysii
538 3238 760 3302 testimonium
801 3237 1036 3301 dubitationem
1087 3257 1149 3298 nou
1199 3232 1292 3297 tollit.

146 3338 414 3402 Wilamowitzio⁶
438 3347 545 3404 tamen
561 3341 735 3405 contradici
757 3363 820 3405 non
836 3350 949 3425 potest,
966 3340 1137 3404 affirmanti
1153 3338 1236 3401 nihil
1260 3339 1294 3399 in

142 3443 289 3526 antiquis
306 3443 437 3525 judiciis
459 3450 591 3520 exstare,
608 3445 692 3508 unde
714 3446 902 3510 concludere
923 3444 1026 3517 liceat,
1045 3443 1177 3508 (initiam
1189 3443 1295 3524 justas

146 3546 307 3610 orationes
334 3547 520 3631 publicasse.
566 3549 686 3613 Eodem
715 3550 804 3612 ducit
828 3548 941 3613 titulus
966 3569 1057 3624 uuus,
1075 3548 1132 3631 qui
1159 3553 1295 3610 aetatem

144 3648 466 3739 tulit-dupuyoprui
484 3658 644 3739 προοίμια,
661 3655 701 3717 ab
718 3655 917 3738 Hermogene
941 3654 1087 3718 laudata:
1112 3673 1175 3715 non
1192 3652 1297 3714 nescio

144 3755 306 3820 rationem
322 3777 386 3839 qua
401 3778 481 3840 opus
497 3763 979 3846 commemoratur-nohhoyofr
995 3762 1042 3823 καὶ
1059 3760 1092 3823 ἐν
1108 3754 1298 3841 δημηγορικ-

147 3867 201 3934 οῖς
223 3861 594 3945 spectatore-indicare
618 3862 680 3926 alia
703 3863 821 3946 scripta
844 3863 979 3926 oratoria
1002 3860 1198 3944 Hermogeni
1222 3871 1298 3922 nota

146 3964 269 4027 fuisse:
299 3964 382 4027 nihil
407 3972 515 4029 tamen
540 3987 597 4030 nos
627 3966 772 4050 prohibet
796 3988 860 4030 non
886 3966 925 4029 de
953 3966 1157 4040 orationibus,
1179 3964 1235 4028 sed
1259 3963 1298 4027 de

148 4064 320 4142 δικανικοῖς
358 4072 540 4153 προοιμίοις
579 4071 723 4153 cogitare,
785 4070 874 4146 Quae
912 4070 1093 4152 conjectura
1134 4074 1299 4151 propterea

148 4173 253 4256 magis
294 4172 419 4250 arridet,
450 4175 534 4257 quod
576 4175 748 4238 verisimile
781 4183 838 4250 est,
869 4173 1141 4256 Thrasymachum
1172 4192 1300 4255 quoque

149 4273 293 4341 δικανικὰ
310 4280 460 4363 προοίμια
483 4276 604 4360 publici
617 4278 699 4360 juris
721 4275 853 4342 lecisse⁶
898 4278 986 4355 Quae
1008 4276 1176 4360 prooemia,
1191 4275 1300 4358 qualia

297 4467 360 4525 1(lt.
375 4467 506 4538 Aristoph.
522 4467 570 4540 aq.
585 4473 644 4525 851.
813 4469 965 4539 ²Aristoph.
982 4467 1083 4524 Theaua.
1097 4475 1158 4526 426.

297 4553 306 4580 ³
321 4555 388 4611 Test.
403 4557 468 4614 Aac.
482 4558 512 4614 V.
527 4561 551 4612 4.
812 4563 823 4593 ⁴
835 4557 877 4615 Of.
891 4558 973 4626 Blass,
986 4575 1026 4627 op.
1039 4556 1082 4610 cit.
1098 4557 1118 4610 1.
1133 4561 1193 4612 245.

294 4643 360 4704 ⁵01.
375 4645 552 4714 Wilamouitz,
566 4643 614 4704 loc.
629 4645 671 4699 cit.
815 4643 879 4703 ὅθί.
895 4647 975 4714 Blass,
989 4643 1036 4702 loc.
1051 4644 1094 4699 cit.
