3018 5058
776 443 817 506 50

224 609 541 680 animadverterunt?
576 613 637 678 Cui
649 615 792 699 opinioni
806 617 886 680 illud
900 615 1031 682 minime
1043 618 1149 682 obstat
1161 619 1247 702 quod
1259 629 1372 702 postea

225 718 928 803 trigintaviriAlcibiademaLacedaemouiis
937 720 1147 786 occidendum
1157 728 1372 788 curaverunt.1

223 825 309 888 Nam
324 824 449 889 etiamsi
473 824 506 888 in
530 823 635 888 Grotii
651 822 834 908 opinionem
851 847 915 890 non
931 825 1163 903 descendimus,
1179 825 1231 891 cui
1247 825 1373 911 placuit

223 928 488 993 lacedaemonios
504 949 562 994 sua
577 936 690 1012 sponte
707 927 909 993 Alcibiadem
933 927 1139 1006 interfecisse,
1156 932 1190 994 in
1215 929 1368 994 memorie

222 1033 397 1097 tenendum
421 1041 469 1096 est
493 1031 610 1097 Critiae
632 1039 826 1115 potestatem
849 1041 927 1098 tunc
943 1055 961 1096 a
977 1033 1235 1099 Lacedaemoniis
1251 1055 1371 1118 pepen-

223 1136 314 1214 disse,
338 1136 390 1201 cui
413 1135 597 1200 Alcibiades
630 1136 859 1202 infestissimus
887 1136 956 1202 fuit.
1012 1139 1188 1215 Praeterea,
1212 1137 1247 1200 ui
1269 1137 1372 1215 fallor,

223 1240 339 1305 Critiae
356 1246 387 1303 et
409 1238 587 1304 Alcibiadis
603 1239 743 1304 amicitia
760 1240 866 1306 miuus
883 1240 1003 1305 virtute
1018 1263 1117 1326 quam
1134 1239 1274 1305 utilitate
1289 1240 1370 1304 nixa

222 1352 278 1420 est,
301 1343 347 1409 ita
371 1350 407 1407 ut
430 1343 523 1408 facile
546 1343 671 1408 credam
695 1343 864 1421 utrumvis,
885 1345 1019 1428 jubente
1042 1344 1240 1422 necessitate,
1264 1343 1369 1409 amico

222 1460 357 1513 mortem
380 1448 555 1512 inlaturum
572 1446 677 1518 fnisse
725 1449 869 1532 Apparet
893 1447 989 1533 igitur
1005 1447 1139 1513 Critiam
1163 1469 1264 1514 annos
1280 1469 1367 1514 com-

222 1553 330 1636 plures
345 1550 522 1616 Alcibiadis
538 1549 660 1614 socium
677 1548 783 1614 fuisse.

265 1656 298 1718 N
299 1677 361 1720 unc
376 1675 565 1739 quaeramus
578 1653 736 1738 quomodo
753 1653 868 1718 Critias
884 1652 918 1717 in
935 1653 1191 1740 Quadringentos
1207 1655 1371 1720 animatus

222 1761 326 1826 fuerit.
372 1761 481 1844 Atque
493 1759 526 1822 id
541 1759 684 1843 profecto
696 1758 766 1822 luce
784 1757 899 1823 clarius
912 1765 968 1836 est,
981 1758 1086 1823 virum
1098 1758 1162 1842 qui,
1176 1758 1278 1844 prima
1294 1760 1372 1823 data

222 1865 394 1940 occasione,
410 1864 441 1927 in
467 1863 687 1948 Phrynichum
712 1862 867 1939 invectus,
882 1871 989 1947 partes
1005 1862 1184 1928 Alcibiadis
1200 1863 1370 1947 amplexus

221 1973 271 2049 sit,
289 1993 352 2035 uon
368 1970 452 2034 inter
468 1969 563 2032 duces
579 1967 783 2054 optimatium
800 1966 905 2032 fuisse.
953 1968 1057 2044 Quem
1074 1965 1256 2050 opinionem
1279 1967 1371 2032 locus

222 2076 276 2140 ille
299 2073 523 2158 Xenophontis
546 2075 722 2148 continuat,
738 2069 795 2135 ubi
817 2071 1036 2148 Theramenes
1053 2069 1200 2154 quamvis
1222 2092 1242 2134 a
1264 2069 1369 2134 Critie

222 2179 401 2265 castigatus,
429 2177 548 2261 quippe
580 2175 636 2260 qui
667 2175 768 2241 socios
799 2174 983 2258 turpissime
1016 2175 1198 2252 deseruerit,
1231 2196 1270 2239 ne
1303 2196 1370 2239 uno

222 2284 350 2369 quidem
374 2283 470 2346 verbo
502 2279 623 2344 indicat
655 2279 789 2344 Critiam
819 2300 961 2363 unquam
993 2287 1100 2363 partes
1131 2277 1178 2342 ita
1210 2283 1374 2343 mutasse.¹

223 2388 315 2467 Quod
338 2392 421 2452 certe
446 2384 582 2458 lecisset,
599 2383 624 2447 si
649 2381 765 2448 Critias
791 2405 808 2446 a
832 2381 1080 2466 Quadringentis
1104 2383 1143 2446 ad
1166 2381 1373 2446 Alcibiadem

221 2499 328 2578 aperte
352 2493 523 2554 transisset.
571 2485 695 2563 Quibus
712 2485 909 2570 argumentis
931 2495 964 2550 et
987 2491 1148 2570 praeterea
1171 2484 1373 2569 Thucydidis

221 2595 348 2661 silentio
365 2594 459 2656 nixus
484 2589 704 2656 Schleicherus
720 2589 854 2654 Critiam
870 2611 886 2653 e
903 2611 1035 2653 numero
1052 2587 1369 2673 Quadringentorum

217 2700 342 2777 eximit,
373 2697 583 2779 Grotiumque
614 2701 769 2778 sequutus
800 2692 922 2771 statuit,
954 2701 1115 2757 auctorem
1146 2691 1297 2756 orationis
1327 2691 1366 2756 in

221 2800 540 2869 Theocrinem-sive
553 2799 785 2863 Demosthenes
797 2797 864 2862 sive
876 2796 948 2882 quis
961 2795 1043 2860 alius
1055 2794 1371 2861 fuerit-falsissime

223 2907 534 2992 Quadringentorum
557 2902 729 2966 factionem
752 2903 792 2965 ad
825 2901 1090 2965 Lacedaemonios
1123 2900 1156 2963 in
1188 2899 1374 2964 Eetioniam

223 3011 419 3098 recipiendos
451 3009 647 3090 conjuratam
674 3004 713 3072 ‘ol
741 3011 810 3091 περὶ
844 3005 982 3091 Κριτίαν’
1010 3008 1231 3087 nuncupasse.⁸
1277 3004 1371 3080 Quae

223 3118 319 3183 verba
334 3115 390 3181 vix
406 3114 468 3178 alie
484 3111 605 3176 ratione
622 3109 774 3194 explicari
790 3118 941 3193 possunt:
965 3130 1039 3172 narn
1055 3116 1092 3171 ut
1107 3106 1176 3191 ipse
1192 3107 1374 3172 Muellerus

223 3223 399 3296 confitetur,
422 3217 490 3281 fieri
514 3237 577 3279 nou
602 3222 714 3298 potest,
738 3223 774 3277 ut
803 3213 918 3278 Critias
941 3213 1017 3276 huic
1041 3210 1181 3288 factioni,
1205 3209 1370 3275 acerrimis

224 3323 542 3392 Lacedaemoniorum
560 3319 652 3384 sociis
664 3317 843 3403 praefuerit.
891 3318 980 3382 Idem
998 3325 1104 3381 tamen
1117 3317 1190 3399 jure
1202 3314 1372 3379 contendit

224 3431 336 3515 Lysiae
360 3426 577 3492 testimonium
604 3423 730 3507 majoris
751 3445 819 3487 esse
841 3422 1013 3486 momenti:
1037 3421 1089 3484 hic
1105 3420 1190 3484 enim
1207 3427 1372 3483 asseverat

223 3539 308 3601 viros
318 3535 457 3619 triginta,
467 3532 556 3595 nullo
566 3537 707 3612 excepto,
719 3527 1031 3612 Quadringentorum
1042 3525 1188 3590 factionis
1199 3523 1374 3608 participes

224 3642 340 3706 luisse.⁴
385 3640 473 3715 Quae
501 3657 549 3699 res
577 3636 616 3698 ab
643 3639 763 3697 oratore
791 3632 886 3715 plane
913 3637 1101 3715 exaggerata
1127 3627 1375 3693 est-videlicet

224 3747 434 3810 Theramenes
458 3759 621 3822 uunquam
646 3736 680 3800 in
703 3735 853 3800 exsilium
875 3733 1053 3799 abiit-sed
1070 3731 1125 3795 vix
1146 3739 1194 3796 est
1217 3730 1372 3795 credibile

223 3848 352 3934 Lysiam
362 3852 484 3909 tantam
496 3841 659 3905 levitatem
670 3838 843 3916 admisisse,
854 3838 933 3902 utin
945 3860 978 3903 re
988 3835 1191 3902 audientibus
1202 3833 1372 3900 notissima

223 3951 331 4019 nonin
348 3945 552 4012 Theramenis
569 3951 696 4007 tanturn
711 3942 766 4008 sed
782 3942 879 4006 etiam
896 3941 929 4005 iu
946 3940 1065 4006 Critiae
1078 3939 1145 4003 vita
1161 3936 1373 4004 describenda

257 4205 267 4237 ¹
283 4197 349 4253 Test.
364 4194 427 4248 Aac.
443 4191 479 4246 II.
496 4194 536 4257 15,
551 4193 591 4244 16.
767 4184 854 4243 ²Xen.
869 4185 940 4243 Hirr.
957 4185 1047 4240 Graec.
1062 4184 1098 4239 II.
1113 4188 1138 4253 3,
1153 4182 1185 4254 ξὲ
1199 4187 1295 4240 35·49.

258 4290 268 4322 ³
281 4279 467 4352 κατασκάψας
479 4278 526 4340 τὴν
539 4277 702 4332 Ἠετιωνειάν
715 4278 748 4338 εἰς
760 4275 789 4338 ἧν
803 4273 1020 4343 Λακεδαιμονίους
1032 4273 1139 4342 ἔμελλον
1150 4277 1172 4328 ol
1185 4271 1239 4341 arpi
1255 4275 1374 4345 Κριτίαν

224 4372 395 4440 inclinetur.
433 4368 465 4420 In
479 4367 610 4420 Theocrin.
625 4381 649 4434 p.
666 4368 741 4418 1343.
780 4363 818 4419 Cf.
832 4362 984 4428 Schleicher‚
998 4379 1037 4432 op.
1052 4361 1095 4416 cit.
1109 4366 1134 4428 9,
1149 4365 1190 4418 10.

258 4465 303 4518 ⁴cl
321 4460 466 4534 τριάκοντα
486 4456 533 4509 acl
552 4455 567 4518 ἦ
586 4453 667 4519 βουλὴ
683 4453 698 4516 ἡ
712 4453 755 4507 tat
772 4453 823 4509 raia
835 4451 979 4525 τριάκοντα
998 4448 1159 4517 βουλεύουσα,
1173 4451 1196 4503 ol
1208 4451 1285 4504 abaci
1304 4447 1375 4512 ἦσαν

224 4545 585 4616 ἅπαντεςτῶντετρακοσῖων
598 4566 647 4600 των
661 4545 800 4610 φυγόντων.
827 4543 885 4610 Lys.
900 4539 935 4593 Ira
950 4541 1026 4609 Agar.
1041 4541 1082 4594 74.
1112 4539 1150 4594 Cf.
1164 4537 1279 4604 Scheibe,
1295 4537 1342 4590 Oli
1362 4573 1374 4582 -

224 4637 357 4696 arclriache
375 4635 554 4702 [ferrariarum
572 4637 627 4689 109.
