3018 5058
795 391 834 452 12

231 559 332 632 οὕτως
344 563 502 646 ἐξηγεῖται
517 563 665 648 τοῦνομα·
681 563 832 645 δυσανίης
843 562 870 628 δ’
884 563 974 629 ἐστιν
986 569 1077 634 ὅστις
1088 562 1144 629 ἐπὶ
1155 570 1220 636 τοῖς
1233 570 1379 653 σμικροῖς

230 665 358 731 ἀνιᾶται
382 666 437 732 καὶ
461 667 515 732 ε’πὶ
539 672 605 738 τοῖς
627 669 781 752 μεγάλοις
801 672 931 751 μᾶλλον
952 667 973 750 ἢ
996 668 1026 734 οἱ
1048 668 1146 734 ἄλλοι
1169 669 1378 758 άνθρωποιῆ
1473 661 1474 666 ¹

229 769 335 833 πλείω
351 768 632 858 χρόνου-θυίαν.
653 773 710 859 (ed.
727 775 853 855 Kiihn),
870 774 963 837 XIX.
981 775 1029 837 94.

274 907 353 990 (17.)
376 907 396 990 ἢ
420 908 478 975 οὐκ
501 908 599 975 οἶσθα
615 910 763 998 Κριτίαν,
779 909 834 976 τὸν
848 913 912 976 τῶν
927 911 1108 998 τριάκοντα,
1125 915 1176 979 ὅτι
1197 913 1377 978 κάλλιστον

229 1009 289 1095 ἔφη
304 1009 384 1082 εἶδος
400 1013 433 1079 εὐ
447 1018 513 1084 τοῖς
534 1014 647 1102 άρρεσι
662 1012 698 1080 τὸ
715 1015 798 1096 θῆλυ
813 1021 846 1080 ὲν
861 1014 887 1079 δ’
904 1014 946 1080 αὖ
960 1018 1026 1085 τοῖς
1048 1015 1164 1096 θήλεσι
1186 1014 1376 1082 τοῦναντιον.

380 1118 473 1183 Dion.
496 1121 579 1186 Cass,
596 1120 680 1183 Orat.
697 1119 789 1183 XXI.
808 1121 826 1182 2
846 1120 903 1196 (ed
921 1120 1046 1196 Reiske,
1063 1120 1122 1184 vol.
1140 1121 1165 1184 I.
1182 1143 1211 1204 p.
1230 1122 1326 1203 502.)l

427 1283 462 1346 E.
486 1284 668 1347 VOCABULA
690 1300 713 1347 A
735 1285 757 1347 J
759 1300 834 1347 UL10
858 1285 1009 1348 Ροιαυοα
1032 1284 1177 1348 Nom.

272 1427 351 1510 (18.)
374 1426 407 1492 οἱ
425 1428 484 1511 μὲν
497 1427 561 1517 ’γὰρ
583 1428 854 1517 ψευδομάρτυρες,
869 1429 1009 1517 εἴρηνται
1031 1427 1121 1517 παρὰ
1144 1427 1265 1517 Κριτίᾳ
1287 1427 1339 1494 κιιὶ
1361 1426 1378 1493 ὁ

227 1529 462 1620 ψευδομαρτυς·
486 1534 543 1598 οὐκ
565 1532 636 1599 οἶδα
650 1533 685 1599 δὲ
699 1534 728 1599 εί
741 1560 806 1599 που
821 1532 876 1599 καὶ
897 1532 933 1599 τὸ
955 1531 1232 1622 ψευδομαρτυρεῖν
1247 1531 1264 1598 ὁ
1279 1532 1379 1603 αὐτὸς

227 1634 447 1718 λε’γει.-Ροίί.
467 1639 568 1703 Onam.
586 1640 644 1703 VI.
663 1641 733 1703 153.

273 1776 354 1858 (19.)
378 1775 513 1864 Κριτίας
540 1775 574 1842 δὲ
601 1775 795 1843 ἀποδικάσαι
821 1775 884 1865 ἔφη
911 1774 970 1858 τὴν
984 1776 1083 1862 δίκην,
1100 1775 1136 1842 τὸ
1164 1776 1332 1848 ἀπολῦσαι
1357 1776 1378 1858 ἢ

228 1881 367 1945 νικῶσαν
394 1881 568 1969 ἀποφῆναι,
591 1881 633 1952 ὡς
662 1881 702 1946 ἂν
727 1882 816 1964 ἡμεῖς
847 1882 1073 1969 άποψυφίσαι·
1106 1879 1122 1947 ὁ
1149 1880 1175 1945 δ’
1202 1880 1296 1951 αυτὸς
1323 1880 1377 1946 καὶ

227 1980 425 2070 διαδικάζειν,
441 1984 478 2051 τὸ
493 1985 525 2051 δι’
539 1990 619 2052 ὅλου
634 1989 691 2051 τοῦ
706 1987 795 2056 ἔτους
810 1984 1077 2067 δικάζειν-Ροίί.
1094 1988 1167 2050 ibid.
1186 1987 1283 2050 VIII.
1302 1987 1351 2050 25.
1482 2027 1483 2034 .

166 2216 168 2232 Ι
269 2122 349 2205 (20.)
381 2120 436 2187 καὶ
459 2120 636 2189 διοπτεύειν
661 2122 796 2211 Κριτίας
820 2121 875 2187 καὶ
900 2121 1196 2206 Ἀντιφῶα-Ροίί,
1224 2121 1301 2187 ibid.
1329 2121 1374 2185 II.

228 2227 276 2289 58.

268 2364 346 2445 (21.)
373 2362 461 2451 τάχα
485 2364 510 2429 δ’
527 2363 567 2430 ἂν
587 2362 631 2435 εἰς
655 2362 771 2429 ταύτὸν
786 2367 935 2429 συντελεῖ
956 2361 1010 2428 καὶ
1034 2361 1089 2428 καὶ
1113 2359 1150 2426 τὸ
1175 2362 1376 2449 σπείρεσθαι,

224 2466 481 2555 διασπείρεσθαι,
497 2467 797 2553 διασκεδάννυσθαι,
812 2465 832 2549 ἦ
848 2468 890 2538 ὡς
912 2462 1067 2552 Ξενοφῶν
1082 2465 1337 2540 διασκίδνασθαι,
1353 2467 1375 2548 ἢ
1485 2481 1486 2484 ’

224 2569 496 2660 διαπεφορῆσθαι,
512 2573 554 2643 ὡς
571 2572 842 2660 Κριτίας.-Ροίί.
859 2573 933 2636 ibid.
950 2572 1008 2635 VI.
1027 2571 1096 2634 195.

269 2710 347 2793 (22.)
371 2707 462 2797 παρὰ
477 2708 511 2774 δὲ
527 2711 648 2797 Κριτίᾳ
670 2708 724 2774 καὶ
738 2707 853 2792 λογεὺς
868 2706 884 2774 ὁ
899 2707 1007 2796 ῥήτωρ
1023 2708 1277 2796 εἴρηται-Ροίί.
1293 2709 1371 2773 ibid.

225 2814 269 2878 II.
287 2815 357 2879 122.

270 2953 346 3037 (23.)
371 2951 424 3017 καὶ
437 2953 502 3038 «γάρ
517 2951 665 3017 Πλάτων
679 2951 769 3018 ἐστιν
784 2951 821 3017 οὗ
836 2927 998 3035 ὀνομάζειν
1013 2950 1107 3037 δοκεῖ,
1123 2948 1236 3038 ὥσπερ
1253 2950 1376 3041 Κριτίᾳ

223 3055 280 3126 τὰς
296 3054 377 3144 πρὸς
392 3056 527 3144 κιθάραν
543 3053 625 3144 ᾠδὰς
642 3055 770 3144 ἀρέσκει
785 3058 1030 3122 καλεῖν-Ροίί.
1047 3079 1092 3139 ορ.
1109 3059 1156 3119 cil.
1174 3055 1230 3119 IV.
1249 3057 1296 3119 61

266 3196 346 3279 (24.)
370 3199 423 3260 καὶ
439 3192 531 3282 παρὰ
548 3195 677 3283 Κριτίᾳ,
694 3192 710 3260 ὁ
726 3193 1031 3282 ἀστύτριψ.-Ροίί.
1048 3196 1122 3258 ibid.
1140 3194 1198 3257 IX.
1218 3195 1265 3258 17.

265 3333 344 3416 (25.)
368 3337 421 3397 καὶ
437 3334 457 3414 ἡ
472 3330 563 3418 παρὰ
580 3331 701 3420 Κριτία
715 3331 1012 3415 εὐξυνεσία.-Ροίί.
1029 3333 1103 3396 ibid.
1121 3332 1179 3396 IX.
1198 3333 1268 3395 161.

264 3473 342 3555 (26.)
374 3469 428 3535 καὶ
458 3469 580 3555 ποδεῖα,
611 3468 684 3540 τοὺς
713 3469 788 3558 περὶ
818 3475 883 3540 τοῖς
913 3469 994 3535 ποσὶ
1024 3469 1142 3540 πίλους
1172 3471 1318 3557 Κριτίας,
1350 3471 1374 3536 ά

221 3573 390 3664 Αἰσχύλος
405 3573 576 3662 πάλλυτρα
592 3576 816 3640 καλεῖ.-Ροίί.
832 3576 907 3639 ibid.
924 3577 968 3638 II.
987 3576 1057 3639 196.

265 3716 344 3799 (27.)
367 3712 388 3777 ἃ
403 3712 437 3778 δὲ
451 3712 565 3779 πόδεια
589 3713 722 3802 Κριτίας
744 3717 839 3779 καλεῖ
852 3714 915 3780 ε’ίτε
930 3718 1049 3784 πίλους
1064 3712 1145 3780 αὐτὰ
1160 3712 1291 3796 οἰητέον,
1307 3715 1373 3781 ε’ίτε

220 3818 455 3906 περιειλήματα
463 3817 689 3904 ποδῶν,ταῦτα
697 3817 959 3905 πέλυντρακαλεῖ
967 3817 1000 3883 ἐν
1007 3815 1372 3906 ΦοινίσσαιςΑἰσχθλος

219 3921 371 4010 πέλυντρ’
388 3923 522 4010 ἔχουσιν
536 3921 672 3993 εὐθέτοις
688 3923 721 3989 ἐν
737 3921 1028 4010 ἀρβύλαις-Ροίί.
1045 3925 1120 3987 ibid.
1136 3923 1214 3986 VII.
1232 3924 1280 3986 91.

266 4063 342 4146 (28.)
366 4059 417 4125 καὶ
435 4061 477 4132 ὡς
494 4060 630 4148 Κριτίας
644 4059 925 4148 ῥυπαρία-Ροίί.
940 4059 1012 4124 ibid.
1031 4061 1094 4124 III.
1113 4062 1183 4124 116.

263 4200 339 4284 (29.)
365 4197 397 4263 οἱ
418 4197 453 4264 δὲ
472 4198 530 4269 τὰς
554 4198 691 4281 ἐσθῆτας
715 4198 956 4285 πιπράσκοντες
979 4195 1207 4283 ἱματιοπῶλσι,
1233 4196 1369 4284 Κριτιόυ

218 4306 264 4392 τῷ
278 4301 412 4386 ὀνόματι
427 4301 764 4391 χρησαμένου-Ροίί.
781 4304 855 4367 ibid.
874 4303 951 4366 VII.
969 4303 1017 4372 78.

253 4473 262 4508 ¹
275 4468 348 4534 Quae
360 4470 490 4522 sententia
503 4473 591 4522 utrum
603 4468 638 4522 ad
657 4467 794 4522 Ηοικίίίαι
812 4481 847 4521 an
866 4466 901 4520 ad
921 4464 1094 4537 ΔρΙιοιιζιοιοι
1113 4464 1247 4518 Merenda
1260 4465 1295 4518 ιίι
1314 4479 1368 4518 non

217 4557 281 4610 satis
292 4557 380 4626 liquet.
419 4557 457 4614 cf.
471 4573 495 4627 p.
509 4560 551 4611 41.
