3018 5058
758 405 801 468 48

205 581 358 664 temporis
370 581 505 644 habitae.
545 579 634 644 Idem
647 579 739 644 docet
755 579 932 662 optimates,
946 599 977 644 re
991 599 1154 662 perpensa,
1167 579 1202 641 in
1215 573 1356 642 comitiis

208 684 367 748 Alcibiadi
401 684 588 766 suffragatos
615 704 690 759 esse,
718 683 896 754 arbitratos,
923 703 966 757 se,
992 682 1123 746 absente
1151 680 1294 746 exercitu
1323 682 1357 741 et

208 789 307 852 classe
323 786 554 871 rempublicam
571 786 696 850 facilius
713 807 875 852 eversuros
891 806 967 850 esse.

252 909 402 972 Ceterum
418 929 489 972 cum
507 907 551 970 sit
565 903 778 990 perspicuum,
795 907 886 990 quasi
902 907 981 971 duas
998 928 1147 991 personas
1163 907 1198 969 in
1215 904 1352 970 Pseudo-

208 1012 432 1097 Xenophcntis
455 1010 564 1074 libello
586 1010 785 1094 loqui—qua
807 1010 847 1074 de
870 1032 965 1074 causa
989 1011 1107 1075 (lobeto
1127 1018 1159 1075 et
1183 1011 1215 1074 O.
1233 1009 1352 1072 Wach-

207 1116 317 1180 smuth
347 1117 452 1200 placet
483 1136 555 1180 eum
586 1115 662 1178 olim
694 1114 811 1199 dialogi
841 1115 975 1178 formam
1006 1113 1356 1178 habuisse1-statuit·

210 1221 386 1286 Muellerus
402 1218 791 1302 Pseudo-Xenophontem
808 1218 979 1284 adversarii
995 1218 1162 1302 cujusdam
1178 1217 1355 1282 sententias

209 1324 393 1408 saepissime
409 1324 592 1407 respexisse.
637 1322 766 1387 Etenim
783 1327 891 1390 censet
914 1322 1085 1406 optimates
1108 1330 1187 1386 tuno
1202 1320 1356 1404 temporis

208 1429 242 1491 in
259 1428 338 1492 duas
354 1428 507 1492 factiones
530 1426 648 1490 divisos
672 1446 740 1490 esse
755 1447 834 1510 quas
850 1427 1021 1490 vernaculo
1044 1447 1188 1490 sermone
1204 1433 1220 1459 ‘¹
1231 1423 1331 1489 aitrus
1341 1424 1359 1450 '¹

209 1539 241 1596 et
264 1531 502 1596 “doctrinata’'
518 1538 864 1614 nuncupat-quarum
888 1529 966 1594 baec
990 1552 1054 1594 uon
1078 1530 1247 1604 dubitavit,
1263 1528 1356 1592 insti-

209 1644 280 1699 tuta
304 1635 428 1700 Solonis
453 1635 566 1699 deletis
589 1633 749 1717 Ephialtis
771 1641 805 1698 et
827 1634 1002 1699 Olistbenis
1027 1634 1159 1719 legibus
1175 1634 1245 1698 sine
1269 1631 1353 1697 bello

209 1738 305 1812 civili,
336 1737 461 1822 integra
492 1736 739 1802 Atheniensium
777 1737 929 1820 potentia,
960 1737 1087 1801 restitui
1120 1758 1221 1821 posse,
1252 1736 1365 1814 altera¹

210 1847 319 1904 contra
343 1861 529 1923 persuasum
554 1839 668 1903 habuit
694 1839 881 1922 popularem
906 1838 1101 1923 reipublicae
1128 1841 1264 1906 formam
1290 1861 1355 1904 non

210 1945 273 2008 nisi
288 1945 321 2006 vi
337 1953 369 2009 et
392 1943 496 2019 armis
513 1943 628 2008 amisso
644 1943 741 2006 maris
764 1942 907 2026 imperio,
923 1943 1127 2007 evertendam
1144 1965 1218 2008 esse.
1266 1944 1356 2020 Quae

210 2048 384 2130 opiniones,
395 2046 545 2111 Muelleri
555 2045 748 2110 sententiam
758 2045 785 2110 si
796 2046 968 2130 sequimur,
978 2046 1011 2108 in
1022 2046 1228 2130 optimatium
1238 2047 1359 2122 casinis,

211 2174 285 2216 cum
316 2152 512 2215 orationibus
543 2157 613 2214 tum
644 2150 770 2234 scriptis
803 2151 1008 2234 agitabantur
1038 2158 1134 2234 atque
1163 2151 1248 2216 inter
1280 2151 1361 2214 alios

212 2255 535 2338 Pseudo-Xenophon
558 2261 719 2318 extremae
743 2255 890 2318 factionis
919 2255 1037 2338 placita
1059 2255 1225 2339 exposuit:
1248 2254 1360 2319 adver-

211 2361 312 2424 sarius
328 2367 436 2424 autem
452 2360 543 2443 cujus
559 2359 736 2423 sententiae
752 2359 870 2442 passim
888 2365 1041 2423 notantur
1057 2379 1120 2423 non
1136 2359 1219 2424 alius
1235 2357 1299 2422 fuit
1322 2380 1360 2422 ac

212 2464 336 2528 Critias.
383 2463 509 2528 Ocnicit
532 2463 617 2527 enim
646 2462 823 2528 Muellerus
840 2463 975 2528 Critiam
997 2473 1151 2548 tanquam
1177 2463 1357 2528 moderatae

212 2567 360 2632 factionis
399 2573 570 2651 patronum
608 2567 717 2649 paullo
757 2573 851 2632 antea
889 2567 1017 2632 easdem
1055 2569 1120 2631 iere
1159 2567 1363 2652 quaestiones

211 2671 407 2737 tractavisse.

257 2792 451 2856 Muellerum
481 2796 590 2855 tamen
617 2791 701 2876 fugit
730 2789 1096 2876 Pseudo-Xenophontis
1124 2792 1358 2878 Rcmpubla‘com

214 2895 296 2959 nihil
319 2897 384 2960 fere
407 2917 481 2959 oum
504 2895 587 2960 veris
612 2895 730 2960 Critiae
753 2897 879 2959 Potitiis
902 2917 1071 2960 commune
1094 2895 1226 2961 babere:
1260 2907 1364 2980 nequ'e

215 3000 370 3064 Boeckhii
393 3019 530 3064 errorem
553 2999 677 3077 vitavit,
701 3005 789 3064 ratus
812 2999 895 3063 illud
921 2999 1061 3064 Pollucis
1086 2998 1271 3076 διαδικάζειν
1295 3001 1359 3064 buc

213 3104 379 3187 pertinere.
426 3105 459 3166 N
460 3125 510 3167 am
528 3104 690 3167 confessus
707 3103 860 3168 Boeckhii
877 3104 1033 3168 rationem
1049 3104 1163 3168 falsam
1179 3125 1255 3181 esse,
1268 3111 1363 3188 putat

216 3207 613 3291 Pseudo-Xenophontem,
629 3229 717 3271 more
733 3207 968 3291 disputantium
994 3229 1056 3271 nou
1079 3209 1254 3272 sententias
1271 3209 1365 3272 modo

215 3311 270 3374 sed
297 3311 394 3375 etiarn
422 3311 492 3394 ipsa
517 3311 691 3376 adversarii
715 3312 811 3375 verba
833 3311 1014 3395 repetiisse:
1038 3312 1124 3376 unde
1151 3311 1272 3396 colligit
1298 3309 1364 3378 δια·

216 3411 360 3490 δικάζειν,
391 3413 531 3498 primum
561 3435 579 3476 a
613 3414 976 3498 Pseudo-Xenophonte,
1009 3415 1124 3480 deinde
1143 3438 1174 3488 a
1207 3415 1363 3480 Boeckhii

215 3517 422 3600 grammatico
450 3517 642 3581 translatum
669 3539 745 3582 esse.
803 3519 874 3595 Qua
900 3519 1175 3602 argumentatione
1202 3519 1262 3582 sibi
1289 3541 1361 3602 per-

217 3619 318 3683 suasit
344 3620 507 3683 Pollucem
533 3641 551 3682 a
575 3619 782 3703 grammatico
807 3621 953 3703 pendere,
968 3621 1019 3684 cui
1041 3619 1158 3686 Critiae
1174 3619 1362 3708 Respublica

213 3722 452 3788 Atheniensium
481 3723 639 3806 quaedam
670 3729 746 3787 notu
776 3731 963 3788 erat-non
996 3724 1361 3809 Pseudo-Xenophontis

216 3825 355 3902 libellus
367 3827 424 3892 sed
438 3825 664 3891 commentatio
680 3826 803 3904 similis,
817 3849 899 3912 quae
915 3828 947 3892 id
963 3828 1153 3913 opusculum
1169 3829 1363 3913 provocavit.

218 3931 368 3995 Ceterum
387 3938 423 3994 ut
439 3932 532 3994 modo
548 3931 756 4014 cognovimus
768 3954 880 4015 parum
897 3943 946 3997 est
961 3933 1112 3999 credibile
1128 3933 1209 3998 illud
1225 3933 1367 3999 Pollucis

217 4030 405 4108 διαδικάζειν
421 4056 494 4098 cum
518 4035 874 4118 Pseudo-Xenophonte
897 4037 1063 4102 cohaerere
1087 4045 1118 4100 et
1142 4035 1210 4120 pari
1232 4058 1317 4112 casu,
1333 4037 1369 4102 ni

218 4136 318 4213 fallor,
335 4137 452 4202 accidit
466 4150 504 4201 ut
526 4137 720 4202 senteutiam
737 4141 821 4223 apud
846 4140 1235 4225 Pseudo-Xenophontem
1249 4141 1369 4225 raperi-

255 4497 262 4530 ¹
277 4491 315 4546 cf.
330 4489 422 4546 Cobet.
434 4488 609 4560 Mnemosyne,
621 4489 683 4542 VII.
698 4490 756 4547 387.
796 4490 823 4544 (l.
837 4491 1016 4559 Wacbsmuth,
1033 4490 1221 4547 Commentario
1235 4491 1267 4546 de
1278 4492 1371 4548 Xeno·

213 4577 324 4650 placatio
337 4576 486 4648 quifertur
498 4575 587 4630 libello
601 4578 739 4638 'Adsuetus
754 4583 881 4637 πολιτεία.
