<?xml version="1.0" encoding="UTF-8"?>
<!DOCTYPE html PUBLIC "-//W3C//DTD XHTML 1.0 Transitional//EN"
    "http://www.w3.org/TR/xhtml1/DTD/xhtml1-transitional.dtd">
<html xmlns="http://www.w3.org/1999/xhtml" xml:lang="en" lang="en">
 <head>
  <title>
</title>
<meta http-equiv="Content-Type" content="text/html;charset=utf-8" />
  <meta name='ocr-system' content='tesseract 3.04.00' />
  <meta name='ocr-capabilities' content='ocr_page ocr_carea ocr_par ocr_line ocrx_word'/>
</head>
<body>
  <div class='ocr_page' id='page_1' title='image "./decritiaeoperib00patrgoog_0047.png"; bbox 0 0 3018 5058; ppageno 0'>
   <div class='ocr_carea' id='block_1_1' title="bbox 224 630 1382 4225">
    <p class='ocr_par' dir='ltr' id='par_1_1' title="bbox 224 630 1367 1006">
     <span class='ocr_line' id='line_1_1' title="bbox 224 630 1365 719; baseline -0.004 -23"><span class='ocrx_word' id='word_1_1' title='bbox 224 630 373 714; x_wconf 87' lang='lat' dir='ltr'>sejungit,</span> <span class='ocrx_word' id='word_1_2' title='bbox 397 653 478 715; x_wconf 91' lang='lat' dir='ltr'>quae</span> <span class='ocrx_word' id='word_1_3' title='bbox 501 653 519 694; x_wconf 91' lang='lat' dir='ltr'>a</span> <span class='ocrx_word' id='word_1_4' title='bbox 543 632 659 696; x_wconf 89' lang='lat' dir='ltr'>mentis</span> <span class='ocrx_word' id='word_1_5' title='bbox 687 633 818 715; x_wconf 90' lang='lat' dir='ltr'>judiciis</span> <span class='ocrx_word' id='word_1_6' title='bbox 851 633 992 717; x_wconf 91' lang='lat' dir='ltr'>pendent</span> <span class='ocrx_word' id='word_1_7' title='bbox 1015 634 1066 716; x_wconf 80' lang='grc' dir='ltr'>(τὰ</span> <span class='ocrx_word' id='word_1_8' title='bbox 1100 633 1365 719; x_wconf 83' lang='grc' dir='ltr'>γιγνωσκόμενα).</span> 
     </span>
     <span class='ocr_line' id='line_1_2' title="bbox 224 732 1367 821; baseline -0.001 -24"><span class='ocrx_word' id='word_1_9' title='bbox 224 735 331 798; x_wconf 84' lang='lat' dir='ltr'>Verba</span> <span class='ocrx_word' id='word_1_10' title='bbox 346 732 389 821; x_wconf 68' lang='grc' dir='ltr'>τῷ</span> <span class='ocrx_word' id='word_1_11' title='bbox 405 734 498 821; x_wconf 76' lang='grc' dir='ltr'>ἄλλῳ</span> <span class='ocrx_word' id='word_1_12' title='bbox 515 735 636 816; x_wconf 81' lang='grc' dir='ltr'>σώματι</span> <span class='ocrx_word' id='word_1_13' title='bbox 656 736 802 800; x_wconf 89' lang='lat' dir='ltr'>indicant</span> <span class='ocrx_word' id='word_1_14' title='bbox 824 742 965 801; x_wconf 77' lang='lat' dir='ltr'><strong>mentem</strong></span> <span class='ocrx_word' id='word_1_15' title='bbox 987 745 1111 820; x_wconf 92' lang='lat' dir='ltr'>partem</span> <span class='ocrx_word' id='word_1_16' title='bbox 1134 757 1201 800; x_wconf 93' lang='lat' dir='ltr'>esse</span> <span class='ocrx_word' id='word_1_17' title='bbox 1222 735 1367 818; x_wconf 89' lang='lat' dir='ltr'>corporis,</span> 
     </span>
     <span class='ocr_line' id='line_1_3' title="bbox 224 837 1367 922; baseline -0.003 -20"><span class='ocrx_word' id='word_1_18' title='bbox 224 837 399 921; x_wconf 91' lang='lat' dir='ltr'>eodemque</span> <span class='ocrx_word' id='word_1_19' title='bbox 422 838 569 914; x_wconf 88' lang='lat' dir='ltr'>tendunt,</span> <span class='ocrx_word' id='word_1_20' title='bbox 592 861 629 903; x_wconf 90' lang='lat' dir='ltr'>ac</span> <span class='ocrx_word' id='word_1_21' title='bbox 652 839 812 904; x_wconf 88' lang='lat' dir='ltr'>sententia</span> <span class='ocrx_word' id='word_1_22' title='bbox 835 840 874 904; x_wconf 91' lang='lat' dir='ltr'>de</span> <span class='ocrx_word' id='word_1_23' title='bbox 896 840 1023 903; x_wconf 87' lang='lat' dir='ltr'>animae</span> <span class='ocrx_word' id='word_1_24' title='bbox 1046 839 1129 914; x_wconf 89' lang='lat' dir='ltr'>sede,</span> <span class='ocrx_word' id='word_1_25' title='bbox 1152 859 1250 922; x_wconf 92' lang='lat' dir='ltr'>quam</span> <span class='ocrx_word' id='word_1_26' title='bbox 1274 857 1367 920; x_wconf 90' lang='lat' dir='ltr'>supra</span> 
     </span>
     <span class='ocr_line' id='line_1_4' title="bbox 225 943 442 1006; baseline 0.009 -2"><span class='ocrx_word' id='word_1_27' title='bbox 225 943 442 1006; x_wconf 75' lang='lat' dir='ltr'><strong>tractavimus.</strong></span> 
     </span>
    </p>

    <p class='ocr_par' dir='ltr' id='par_1_2' title="bbox 224 1043 1375 2769">
     <span class='ocr_line' id='line_1_5' title="bbox 269 1043 1368 1132; baseline -0.001 -24"><span class='ocrx_word' id='word_1_28' title='bbox 269 1047 317 1108; x_wconf 84' lang='lat' dir='ltr'>Ex</span> <span class='ocrx_word' id='word_1_29' title='bbox 336 1066 372 1110; x_wconf 92' lang='lat' dir='ltr'>eo</span> <span class='ocrx_word' id='word_1_30' title='bbox 388 1047 474 1130; x_wconf 91' lang='lat' dir='ltr'>quod</span> <span class='ocrx_word' id='word_1_31' title='bbox 498 1046 615 1110; x_wconf 81' lang='lat' dir='ltr'>Critias</span> <span class='ocrx_word' id='word_1_32' title='bbox 631 1068 695 1109; x_wconf 90' lang='lat' dir='ltr'>non</span> <span class='ocrx_word' id='word_1_33' title='bbox 719 1048 850 1132; x_wconf 79' lang='grc' dir='ltr'><em>γνώμης</em></span> <span class='ocrx_word' id='word_1_34' title='bbox 873 1046 1139 1131; x_wconf 90' lang='lat' dir='ltr'>significationem</span> <span class='ocrx_word' id='word_1_35' title='bbox 1162 1051 1291 1110; x_wconf 88' lang='lat' dir='ltr'>tantum</span> <span class='ocrx_word' id='word_1_36' title='bbox 1314 1043 1368 1108; x_wconf 92' lang='lat' dir='ltr'>sed</span> 
     </span>
     <span class='ocr_line' id='line_1_6' title="bbox 225 1147 1369 1234; baseline -0.003 -21"><span class='ocrx_word' id='word_1_37' title='bbox 225 1150 325 1214; x_wconf 87' lang='lat' dir='ltr'>totius</span> <span class='ocrx_word' id='word_1_38' title='bbox 348 1149 452 1232; x_wconf 89' lang='lat' dir='ltr'>operis</span> <span class='ocrx_word' id='word_1_39' title='bbox 476 1149 608 1213; x_wconf 89' lang='lat' dir='ltr'>titulum</span> <span class='ocrx_word' id='word_1_40' title='bbox 631 1171 705 1213; x_wconf 90' lang='lat' dir='ltr'>cum</span> <span class='ocrx_word' id='word_1_41' title='bbox 730 1151 926 1234; x_wconf 80' lang='lat' dir='ltr'>Hippocrate</span> <span class='ocrx_word' id='word_1_42' title='bbox 942 1171 1142 1214; x_wconf 89' lang='lat' dir='ltr'>communem</span> <span class='ocrx_word' id='word_1_43' title='bbox 1168 1148 1291 1224; x_wconf 79' lang='lat' dir='ltr'>habuit,</span> <span class='ocrx_word' id='word_1_44' title='bbox 1306 1147 1369 1210; x_wconf 92' lang='lat' dir='ltr'>ool-</span> 
     </span>
     <span class='ocr_line' id='line_1_7' title="bbox 226 1251 1367 1340; baseline -0.001 -24"><span class='ocrx_word' id='word_1_45' title='bbox 226 1254 323 1336; x_wconf 82' lang='lat' dir='ltr'>ligere</span> <span class='ocrx_word' id='word_1_46' title='bbox 346 1253 430 1330; x_wconf 88' lang='lat' dir='ltr'>licet,</span> <span class='ocrx_word' id='word_1_47' title='bbox 448 1253 567 1317; x_wconf 79' lang='lat' dir='ltr'>Critiae</span> <span class='ocrx_word' id='word_1_48' title='bbox 584 1261 616 1317; x_wconf 93' lang='lat' dir='ltr'>et</span> <span class='ocrx_word' id='word_1_49' title='bbox 639 1253 846 1337; x_wconf 76' lang='lat' dir='ltr'>Hippocratis</span> <span class='ocrx_word' id='word_1_50' title='bbox 863 1255 1067 1340; x_wconf 72' lang='lat' dir='ltr'>aptorumos</span> <span class='ocrx_word' id='word_1_51' title='bbox 1082 1260 1168 1318; x_wconf 90' lang='lat' dir='ltr'>arcte</span> <span class='ocrx_word' id='word_1_52' title='bbox 1184 1251 1367 1317; x_wconf 86' lang='lat' dir='ltr'>cohaesisse.</span> 
     </span>
     <span class='ocr_line' id='line_1_8' title="bbox 226 1356 1366 1442; baseline -0.001 -22"><span class='ocrx_word' id='word_1_53' title='bbox 226 1359 316 1435; x_wconf 79' lang='lat' dir='ltr'>Quae</span> <span class='ocrx_word' id='word_1_54' title='bbox 339 1358 532 1440; x_wconf 89' lang='lat' dir='ltr'>conjectura,</span> <span class='ocrx_word' id='word_1_55' title='bbox 554 1357 689 1441; x_wconf 90' lang='lat' dir='ltr'>perditis</span> <span class='ocrx_word' id='word_1_56' title='bbox 713 1357 771 1422; x_wconf 84' lang='lat' dir='ltr'>Coi</span> <span class='ocrx_word' id='word_1_57' title='bbox 794 1359 929 1442; x_wconf 86' lang='lat' dir='ltr'>scriptis,</span> <span class='ocrx_word' id='word_1_58' title='bbox 949 1359 1046 1442; x_wconf 90' lang='lat' dir='ltr'>justis</span> <span class='ocrx_word' id='word_1_59' title='bbox 1070 1356 1272 1422; x_wconf 84' lang='lat' dir='ltr'>documentis</span> <span class='ocrx_word' id='word_1_60' title='bbox 1295 1377 1366 1420; x_wconf 92' lang='lat' dir='ltr'>oon-</span> 
     </span>
     <span class='ocr_line' id='line_1_9' title="bbox 227 1459 1373 1547; baseline -0.001 -23"><span class='ocrx_word' id='word_1_61' title='bbox 227 1461 345 1524; x_wconf 86' lang='lat' dir='ltr'>firmari</span> <span class='ocrx_word' id='word_1_62' title='bbox 377 1482 442 1523; x_wconf 90' lang='lat' dir='ltr'>non</span> <span class='ocrx_word' id='word_1_63' title='bbox 472 1467 585 1545; x_wconf 88' lang='lat' dir='ltr'>potest,</span> <span class='ocrx_word' id='word_1_64' title='bbox 610 1461 667 1525; x_wconf 87' lang='lat' dir='ltr'>sed</span> <span class='ocrx_word' id='word_1_65' title='bbox 696 1461 829 1526; x_wconf 90' lang='lat' dir='ltr'>fortasse</span> <span class='ocrx_word' id='word_1_66' title='bbox 860 1463 1045 1546; x_wconf 83' lang='lat' dir='ltr'>metaphora</span> <span class='ocrx_word' id='word_1_67' title='bbox 1076 1462 1132 1525; x_wconf 94' lang='lat' dir='ltr'>illa</span> <span class='ocrx_word' id='word_1_68' title='bbox 1161 1459 1304 1547; x_wconf 70' lang='grc' dir='ltr'>’ὑγιν1νει</span> <span class='ocrx_word' id='word_1_69' title='bbox 1333 1463 1373 1546; x_wconf 72' lang='grc' dir='ltr'>τῇ</span> 
     </span>
     <span class='ocr_line' id='line_1_10' title="bbox 226 1563 1367 1650; baseline -0.004 -20"><span class='ocrx_word' id='word_1_70' title='bbox 226 1564 346 1650; x_wconf 77' lang='grc' dir='ltr'>γνώμῃ’</span> <span class='ocrx_word' id='word_1_71' title='bbox 369 1586 387 1628; x_wconf 91' lang='lat' dir='ltr'>a</span> <span class='ocrx_word' id='word_1_72' title='bbox 412 1565 606 1629; x_wconf 87' lang='lat' dir='ltr'>medicorum</span> <span class='ocrx_word' id='word_1_73' title='bbox 630 1567 774 1629; x_wconf 89' lang='lat' dir='ltr'>sermone</span> <span class='ocrx_word' id='word_1_74' title='bbox 806 1566 961 1630; x_wconf 86' lang='lat' dir='ltr'>translata</span> <span class='ocrx_word' id='word_1_75' title='bbox 985 1566 1138 1650; x_wconf 84' lang='lat' dir='ltr'>originem</span> <span class='ocrx_word' id='word_1_76' title='bbox 1165 1565 1240 1628; x_wconf 91' lang='lat' dir='ltr'>iude</span> <span class='ocrx_word' id='word_1_77' title='bbox 1267 1563 1367 1627; x_wconf 86' lang='lat' dir='ltr'>duxit</span> 
     </span>
     <span class='ocr_line' id='line_1_11' title="bbox 226 1668 1371 1755; baseline -0.002 -24"><span class='ocrx_word' id='word_1_78' title='bbox 226 1668 368 1732; x_wconf 87' lang='lat' dir='ltr'>Galenus</span> <span class='ocrx_word' id='word_1_79' title='bbox 406 1669 613 1752; x_wconf 86' lang='lat' dir='ltr'>Hippocratis</span> <span class='ocrx_word' id='word_1_80' title='bbox 644 1670 847 1755; x_wconf 76' lang='lat' dir='ltr'>Aphorismos</span> <span class='ocrx_word' id='word_1_81' title='bbox 884 1671 918 1732; x_wconf 95' lang='lat' dir='ltr'>in</span> <span class='ocrx_word' id='word_1_82' title='bbox 955 1670 1054 1734; x_wconf 90' lang='lat' dir='ltr'>libros</span> <span class='ocrx_word' id='word_1_83' title='bbox 1091 1674 1214 1753; x_wconf 83' lang='lat' dir='ltr'>septem</span> <span class='ocrx_word' id='word_1_84' title='bbox 1252 1668 1371 1731; x_wconf 89' lang='lat' dir='ltr'>divisos</span> 
     </span>
     <span class='ocr_line' id='line_1_12' title="bbox 224 1769 1369 1854; baseline -0.002 -19"><span class='ocrx_word' id='word_1_85' title='bbox 224 1780 468 1852; x_wconf 89' lang='lat' dir='ltr'>commemorat;</span> <span class='ocrx_word' id='word_1_86' title='bbox 490 1771 562 1836; x_wconf 85' lang='lat' dir='ltr'>aliis</span> <span class='ocrx_word' id='word_1_87' title='bbox 586 1780 649 1836; x_wconf 89' lang='lat' dir='ltr'>tres</span> <span class='ocrx_word' id='word_1_88' title='bbox 675 1780 803 1836; x_wconf 89' lang='lat' dir='ltr'>tantum</span> <span class='ocrx_word' id='word_1_89' title='bbox 829 1773 903 1837; x_wconf 90' lang='lat' dir='ltr'>libri</span> <span class='ocrx_word' id='word_1_90' title='bbox 930 1774 1000 1838; x_wconf 91' lang='lat' dir='ltr'>noti</span> <span class='ocrx_word' id='word_1_91' title='bbox 1023 1780 1131 1838; x_wconf 87' lang='lat' dir='ltr'>erant:</span> <span class='ocrx_word' id='word_1_92' title='bbox 1155 1773 1241 1836; x_wconf 92' lang='lat' dir='ltr'>unde</span> <span class='ocrx_word' id='word_1_93' title='bbox 1264 1769 1369 1854; x_wconf 88' lang='lat' dir='ltr'>sequi-</span> 
     </span>
     <span class='ocr_line' id='line_1_13' title="bbox 226 1874 1370 1962; baseline 0 -24"><span class='ocrx_word' id='word_1_94' title='bbox 226 1884 286 1952; x_wconf 87' lang='lat' dir='ltr'>tur,</span> <span class='ocrx_word' id='word_1_95' title='bbox 319 1897 398 1959; x_wconf 91' lang='lat' dir='ltr'>opus</span> <span class='ocrx_word' id='word_1_96' title='bbox 434 1897 497 1938; x_wconf 92' lang='lat' dir='ltr'>non</span> <span class='ocrx_word' id='word_1_97' title='bbox 531 1876 571 1939; x_wconf 90' lang='lat' dir='ltr'>ab</span> <span class='ocrx_word' id='word_1_98' title='bbox 602 1877 671 1959; x_wconf 88' lang='lat' dir='ltr'>ipso</span> <span class='ocrx_word' id='word_1_99' title='bbox 706 1877 902 1960; x_wconf 89' lang='lat' dir='ltr'>Hippocrate</span> <span class='ocrx_word' id='word_1_100' title='bbox 938 1878 994 1943; x_wconf 89' lang='lat' dir='ltr'>sed</span> <span class='ocrx_word' id='word_1_101' title='bbox 1027 1900 1045 1942; x_wconf 98' lang='lat' dir='ltr'>a</span> <span class='ocrx_word' id='word_1_102' title='bbox 1076 1876 1294 1962; x_wconf 85' lang='lat' dir='ltr'>grammaticis</span> <span class='ocrx_word' id='word_1_103' title='bbox 1324 1874 1370 1938; x_wconf 90' lang='lat' dir='ltr'>sic</span> 
     </span>
     <span class='ocr_line' id='line_1_14' title="bbox 226 1979 1372 2066; baseline -0.001 -24"><span class='ocrx_word' id='word_1_104' title='bbox 226 1980 417 2062; x_wconf 89' lang='lat' dir='ltr'>dispositum</span> <span class='ocrx_word' id='word_1_105' title='bbox 449 1983 536 2042; x_wconf 86' lang='lat' dir='ltr'>esse¹</span> <span class='ocrx_word' id='word_1_106' title='bbox 582 1980 653 2056; x_wconf 78' lang='lat' dir='ltr'>Qua</span> <span class='ocrx_word' id='word_1_107' title='bbox 686 1981 809 2044; x_wconf 89' lang='lat' dir='ltr'>ratione</span> <span class='ocrx_word' id='word_1_108' title='bbox 842 1980 958 2046; x_wconf 82' lang='lat' dir='ltr'>Critias</span> <span class='ocrx_word' id='word_1_109' title='bbox 989 1982 1194 2066; x_wconf 79' lang='lat' dir='ltr'>Apborr&#39;smoa</span> <span class='ocrx_word' id='word_1_110' title='bbox 1225 1979 1372 2062; x_wconf 89' lang='lat' dir='ltr'>disposu-</span> 
     </span>
     <span class='ocr_line' id='line_1_15' title="bbox 226 2082 1372 2169; baseline 0.001 -25"><span class='ocrx_word' id='word_1_111' title='bbox 226 2083 294 2160; x_wconf 83' lang='lat' dir='ltr'>erit,</span> <span class='ocrx_word' id='word_1_112' title='bbox 328 2083 363 2145; x_wconf 92' lang='lat' dir='ltr'>in</span> <span class='ocrx_word' id='word_1_113' title='bbox 398 2083 517 2146; x_wconf 89' lang='lat' dir='ltr'>incerto</span> <span class='ocrx_word' id='word_1_114' title='bbox 552 2090 609 2159; x_wconf 87' lang='lat' dir='ltr'>est,</span> <span class='ocrx_word' id='word_1_115' title='bbox 643 2105 743 2166; x_wconf 91' lang='lat' dir='ltr'>quum</span> <span class='ocrx_word' id='word_1_116' title='bbox 778 2084 860 2147; x_wconf 91' lang='lat' dir='ltr'>nihil</span> <span class='ocrx_word' id='word_1_117' title='bbox 898 2085 964 2149; x_wconf 85' lang='lat' dir='ltr'>fere</span> <span class='ocrx_word' id='word_1_118' title='bbox 999 2084 1038 2148; x_wconf 93' lang='lat' dir='ltr'>de</span> <span class='ocrx_word' id='word_1_119' title='bbox 1078 2105 1211 2148; x_wconf 88' lang='lat' dir='ltr'>numero</span> <span class='ocrx_word' id='word_1_120' title='bbox 1245 2082 1372 2169; x_wconf 76' lang='lat' dir='ltr'>Aptar-</span> 
     </span>
     <span class='ocr_line' id='line_1_16' title="bbox 225 2186 1367 2271; baseline -0.002 -21"><span class='ocrx_word' id='word_1_121' title='bbox 225 2189 373 2250; x_wconf 78' lang='lat' dir='ltr'>ismorum</span> <span class='ocrx_word' id='word_1_122' title='bbox 397 2192 528 2250; x_wconf 88' lang='lat' dir='ltr'>constet.</span> <span class='ocrx_word' id='word_1_123' title='bbox 580 2186 614 2250; x_wconf 84' lang='lat' dir='ltr'>Si</span> <span class='ocrx_word' id='word_1_124' title='bbox 647 2208 782 2271; x_wconf 89' lang='lat' dir='ltr'>magnus</span> <span class='ocrx_word' id='word_1_125' title='bbox 816 2187 871 2252; x_wconf 87' lang='lat' dir='ltr'>ille</span> <span class='ocrx_word' id='word_1_126' title='bbox 905 2195 982 2264; x_wconf 93' lang='lat' dir='ltr'>erat,</span> <span class='ocrx_word' id='word_1_127' title='bbox 1006 2208 1106 2271; x_wconf 90' lang='lat' dir='ltr'>paene</span> <span class='ocrx_word' id='word_1_128' title='bbox 1140 2207 1268 2251; x_wconf 88' lang='lat' dir='ltr'>necesse</span> <span class='ocrx_word' id='word_1_129' title='bbox 1291 2192 1367 2260; x_wconf 88' lang='lat' dir='ltr'>erat,</span> 
     </span>
     <span class='ocr_line' id='line_1_17' title="bbox 227 2289 1370 2374; baseline 0 -22"><span class='ocrx_word' id='word_1_130' title='bbox 227 2296 264 2352; x_wconf 91' lang='lat' dir='ltr'>ut</span> <span class='ocrx_word' id='word_1_131' title='bbox 287 2290 427 2373; x_wconf 91' lang='lat' dir='ltr'>primum</span> <span class='ocrx_word' id='word_1_132' title='bbox 449 2289 484 2352; x_wconf 95' lang='lat' dir='ltr'>in</span> <span class='ocrx_word' id='word_1_133' title='bbox 506 2289 604 2353; x_wconf 89' lang='lat' dir='ltr'>libros</span> <span class='ocrx_word' id='word_1_134' title='bbox 620 2289 847 2374; x_wconf 88' lang='lat' dir='ltr'>digererentur,</span> <span class='ocrx_word' id='word_1_135' title='bbox 862 2312 899 2355; x_wconf 92' lang='lat' dir='ltr'>ac</span> <span class='ocrx_word' id='word_1_136' title='bbox 923 2299 1002 2356; x_wconf 91' lang='lat' dir='ltr'>tunc</span> <span class='ocrx_word' id='word_1_137' title='bbox 1025 2292 1154 2355; x_wconf 91' lang='lat' dir='ltr'>demum</span> <span class='ocrx_word' id='word_1_138' title='bbox 1170 2289 1370 2374; x_wconf 87' lang='lat' dir='ltr'>singulorum</span> 
     </span>
     <span class='ocr_line' id='line_1_18' title="bbox 226 2391 1375 2478; baseline 0 -24"><span class='ocrx_word' id='word_1_139' title='bbox 226 2391 381 2456; x_wconf 90' lang='lat' dir='ltr'>librorum</span> <span class='ocrx_word' id='word_1_140' title='bbox 413 2393 600 2476; x_wconf 86' lang='lat' dir='ltr'>Aphorismi</span> <span class='ocrx_word' id='word_1_141' title='bbox 634 2399 895 2458; x_wconf 88' lang='lat' dir='ltr'>numerarentur:</span> <span class='ocrx_word' id='word_1_142' title='bbox 929 2395 957 2458; x_wconf 89' lang='lat' dir='ltr'>si</span> <span class='ocrx_word' id='word_1_143' title='bbox 991 2394 1085 2478; x_wconf 89' lang='lat' dir='ltr'>pauci</span> <span class='ocrx_word' id='word_1_144' title='bbox 1120 2394 1250 2458; x_wconf 91' lang='lat' dir='ltr'>omnino</span> <span class='ocrx_word' id='word_1_145' title='bbox 1282 2401 1375 2457; x_wconf 90' lang='lat' dir='ltr'>eraut</span> 
     </span>
     <span class='ocr_line' id='line_1_19' title="bbox 227 2497 1369 2583; baseline 0 -23"><span class='ocrx_word' id='word_1_146' title='bbox 227 2497 419 2581; x_wconf 90' lang='lat' dir='ltr'>Aphorismi,</span> <span class='ocrx_word' id='word_1_147' title='bbox 446 2503 482 2560; x_wconf 91' lang='lat' dir='ltr'>ut</span> <span class='ocrx_word' id='word_1_148' title='bbox 513 2497 631 2562; x_wconf 78' lang='lat' dir='ltr'>Critiae</span> <span class='ocrx_word' id='word_1_149' title='bbox 658 2498 760 2581; x_wconf 91' lang='lat' dir='ltr'>priore</span> <span class='ocrx_word' id='word_1_150' title='bbox 789 2498 846 2561; x_wconf 90' lang='lat' dir='ltr'>illa</span> <span class='ocrx_word' id='word_1_151' title='bbox 876 2505 979 2563; x_wconf 89' lang='lat' dir='ltr'>aetate</span> <span class='ocrx_word' id='word_1_152' title='bbox 1006 2499 1083 2563; x_wconf 88' lang='lat' dir='ltr'>satis</span> <span class='ocrx_word' id='word_1_153' title='bbox 1115 2497 1279 2583; x_wconf 85' lang='lat' dir='ltr'>probabile</span> <span class='ocrx_word' id='word_1_154' title='bbox 1309 2504 1369 2572; x_wconf 89' lang='lat' dir='ltr'>est,</span> 
     </span>
     <span class='ocr_line' id='line_1_20' title="bbox 227 2600 1374 2685; baseline -0.002 -20"><span class='ocrx_word' id='word_1_155' title='bbox 227 2601 354 2665; x_wconf 84' lang='lat' dir='ltr'>suffecit</span> <span class='ocrx_word' id='word_1_156' title='bbox 384 2600 584 2685; x_wconf 90' lang='lat' dir='ltr'>singulorum</span> <span class='ocrx_word' id='word_1_157' title='bbox 615 2601 802 2677; x_wconf 75' lang='lat' dir='ltr'>numeratio</span> <span class='ocrx_word' id='word_1_158' title='bbox 830 2602 920 2665; x_wconf 91' lang='lat' dir='ltr'>nulla</span> <span class='ocrx_word' id='word_1_159' title='bbox 950 2602 1104 2666; x_wconf 91' lang='lat' dir='ltr'>librorum</span> <span class='ocrx_word' id='word_1_160' title='bbox 1135 2601 1293 2666; x_wconf 90' lang='lat' dir='ltr'>divisione</span> <span class='ocrx_word' id='word_1_161' title='bbox 1323 2601 1374 2663; x_wconf 92' lang='lat' dir='ltr'>in-</span> 
     </span>
     <span class='ocr_line' id='line_1_21' title="bbox 229 2705 351 2769; baseline 0 0"><span class='ocrx_word' id='word_1_162' title='bbox 229 2705 351 2769; x_wconf 86' lang='lat' dir='ltr'>stituta.</span> 
     </span>
    </p>

    <p class='ocr_par' dir='ltr' id='par_1_3' title="bbox 227 2808 1378 3599">
     <span class='ocr_line' id='line_1_22' title="bbox 273 2808 1378 2897; baseline -0.002 -26"><span class='ocrx_word' id='word_1_163' title='bbox 273 2809 412 2873; x_wconf 86' lang='lat' dir='ltr'>Bachius</span> <span class='ocrx_word' id='word_1_164' title='bbox 428 2814 534 2872; x_wconf 91' lang='lat' dir='ltr'>autem</span> <span class='ocrx_word' id='word_1_165' title='bbox 552 2808 668 2872; x_wconf 87' lang='lat' dir='ltr'>Galeni</span> <span class='ocrx_word' id='word_1_166' title='bbox 679 2809 785 2873; x_wconf 90' lang='lat' dir='ltr'>verbis</span> <span class='ocrx_word' id='word_1_167' title='bbox 801 2811 834 2874; x_wconf 82' lang='grc' dir='ltr'>ἐν</span> <span class='ocrx_word' id='word_1_168' title='bbox 845 2813 888 2896; x_wconf 73' lang='grc' dir='ltr'>τῷ</span> <span class='ocrx_word' id='word_1_169' title='bbox 900 2809 1277 2897; x_wconf 74' lang='grc' dir='ltr'><strong>πρώτῳᾶφορισμῷ-ο1.</strong></span> <span class='ocrx_word' id='word_1_170' title='bbox 1291 2809 1378 2871; x_wconf 85' lang='lat' dir='ltr'>infra</span> 
     </span>
     <span class='ocr_line' id='line_1_23' title="bbox 228 2913 1377 3000; baseline -0.002 -22"><span class='ocrx_word' id='word_1_171' title='bbox 228 2919 271 2999; x_wconf 74' lang='grc' dir='ltr'>τῷ</span> <span class='ocrx_word' id='word_1_172' title='bbox 301 2916 444 3000; x_wconf 74' lang='grc' dir='ltr'><strong>προτέρῳ</strong></span> <span class='ocrx_word' id='word_1_173' title='bbox 474 2918 539 2978; x_wconf 79' lang='grc' dir='ltr'>τῶν</span> <span class='ocrx_word' id='word_1_174' title='bbox 570 2914 845 2995; x_wconf 77' lang='grc' dir='ltr'><strong>ὁμιλιῶν-11111116</strong></span> <span class='ocrx_word' id='word_1_175' title='bbox 872 2915 986 2977; x_wconf 88' lang='lat' dir='ltr'>statuit</span> <span class='ocrx_word' id='word_1_176' title='bbox 1014 2915 1216 3000; x_wconf 69' lang='lat' dir='ltr'>Aphorismoa</span> <span class='ocrx_word' id='word_1_177' title='bbox 1245 2913 1377 2996; x_wconf 86' lang='lat' dir='ltr'>“plures</span> 
     </span>
     <span class='ocr_line' id='line_1_24' title="bbox 229 3015 1378 3100; baseline -0.003 -20"><span class='ocrx_word' id='word_1_178' title='bbox 229 3038 326 3100; x_wconf 91' lang='lat' dir='ltr'>quam</span> <span class='ocrx_word' id='word_1_179' title='bbox 349 3017 413 3080; x_wconf 93' lang='lat' dir='ltr'>duo</span> <span class='ocrx_word' id='word_1_180' title='bbox 429 3017 549 3100; x_wconf 87' lang='lat' dir='ltr'>cepisse</span> <span class='ocrx_word' id='word_1_181' title='bbox 572 3015 669 3080; x_wconf 89' lang='lat' dir='ltr'>libros</span> <span class='ocrx_word' id='word_1_182' title='bbox 679 3016 695 3041; x_wconf 87' lang='lat'><strong><em>”</em></strong></span> <span class='ocrx_word' id='word_1_183' title='bbox 711 3037 808 3099; x_wconf 91' lang='lat' dir='ltr'>quem</span> <span class='ocrx_word' id='word_1_184' title='bbox 831 3023 959 3080; x_wconf 87' lang='lat' dir='ltr'>secutus</span> <span class='ocrx_word' id='word_1_185' title='bbox 977 3017 1242 3081; x_wconf 86' lang='lat' dir='ltr'>Wilamowitzius</span> <span class='ocrx_word' id='word_1_186' title='bbox 1266 3022 1378 3080; x_wconf 85' lang='lat' dir='ltr'>censet</span> 
     </span>
     <span class='ocr_line' id='line_1_25' title="bbox 227 3118 1374 3206; baseline 0 -22"><span class='ocrx_word' id='word_1_187' title='bbox 227 3125 270 3205; x_wconf 77' lang='grc' dir='ltr'>τῷ</span> <span class='ocrx_word' id='word_1_188' title='bbox 293 3120 406 3205; x_wconf 82' lang='grc' dir='ltr'><em>πρώτῳ</em></span> <span class='ocrx_word' id='word_1_189' title='bbox 421 3118 609 3206; x_wconf 82' lang='grc' dir='ltr'>’Δφορισμῴ</span> <span class='ocrx_word' id='word_1_190' title='bbox 625 3119 709 3182; x_wconf 82' lang='lat' dir='ltr'>idem</span> <span class='ocrx_word' id='word_1_191' title='bbox 725 3140 792 3182; x_wconf 85' lang='lat' dir='ltr'>esse</span> <span class='ocrx_word' id='word_1_192' title='bbox 816 3139 853 3182; x_wconf 83' lang='lat' dir='ltr'>ac</span> <span class='ocrx_word' id='word_1_193' title='bbox 868 3123 912 3204; x_wconf 75' lang='grc' dir='ltr'>τῷ</span> <span class='ocrx_word' id='word_1_194' title='bbox 932 3119 1048 3205; x_wconf 79' lang='grc' dir='ltr'>πρώτῳ</span> <span class='ocrx_word' id='word_1_195' title='bbox 1063 3120 1128 3185; x_wconf 83' lang='grc' dir='ltr'>τών</span> <span class='ocrx_word' id='word_1_196' title='bbox 1144 3119 1374 3206; x_wconf 73' lang='grc' dir='ltr'>Ἀφορισμῶν.’</span> 
     </span>
     <span class='ocr_line' id='line_1_26' title="bbox 231 3223 1376 3306; baseline -0.003 -18"><span class='ocrx_word' id='word_1_197' title='bbox 231 3224 293 3288; x_wconf 90' lang='lat' dir='ltr'>Sed</span> <span class='ocrx_word' id='word_1_198' title='bbox 316 3224 412 3287; x_wconf 91' lang='lat' dir='ltr'>verba</span> <span class='ocrx_word' id='word_1_199' title='bbox 434 3223 480 3286; x_wconf 90' lang='lat' dir='ltr'>ita</span> <span class='ocrx_word' id='word_1_200' title='bbox 503 3223 646 3306; x_wconf 89' lang='lat' dir='ltr'>accipere</span> <span class='ocrx_word' id='word_1_201' title='bbox 669 3243 839 3306; x_wconf 87' lang='lat' dir='ltr'>possumus</span> <span class='ocrx_word' id='word_1_202' title='bbox 862 3229 899 3286; x_wconf 90' lang='lat' dir='ltr'>ut</span> <span class='ocrx_word' id='word_1_203' title='bbox 925 3229 1106 3288; x_wconf 89' lang='lat' dir='ltr'>statuamus</span> <span class='ocrx_word' id='word_1_204' title='bbox 1129 3245 1194 3287; x_wconf 90' lang='lat' dir='ltr'>non</span> <span class='ocrx_word' id='word_1_205' title='bbox 1219 3223 1376 3287; x_wconf 90' lang='lat' dir='ltr'>librorum</span> 
     </span>
     <span class='ocr_line' id='line_1_27' title="bbox 229 3326 1377 3411; baseline -0.002 -19"><span class='ocrx_word' id='word_1_206' title='bbox 229 3329 286 3392; x_wconf 86' lang='lat' dir='ltr'>sed</span> <span class='ocrx_word' id='word_1_207' title='bbox 322 3326 521 3411; x_wconf 87' lang='lat' dir='ltr'>singulorum</span> <span class='ocrx_word' id='word_1_208' title='bbox 551 3326 817 3410; x_wconf 86' lang='lat' dir='ltr'>Aphorismorurn</span> <span class='ocrx_word' id='word_1_209' title='bbox 855 3348 1003 3392; x_wconf 87' lang='lat' dir='ltr'>numeros</span> <span class='ocrx_word' id='word_1_210' title='bbox 1035 3327 1158 3392; x_wconf 80' lang='lat' dir='ltr'>Galeno</span> <span class='ocrx_word' id='word_1_211' title='bbox 1189 3328 1377 3391; x_wconf 84' lang='lat' dir='ltr'>obversatos</span> 
     </span>
     <span class='ocr_line' id='line_1_28' title="bbox 229 3430 1377 3515; baseline -0.002 -19"><span class='ocrx_word' id='word_1_212' title='bbox 229 3453 304 3496; x_wconf 88' lang='lat' dir='ltr'>esse.</span> <span class='ocrx_word' id='word_1_213' title='bbox 338 3432 452 3515; x_wconf 88' lang='lat' dir='ltr'>Itaque</span> <span class='ocrx_word' id='word_1_214' title='bbox 469 3430 550 3493; x_wconf 91' lang='lat' dir='ltr'>nihil</span> <span class='ocrx_word' id='word_1_215' title='bbox 567 3451 680 3494; x_wconf 89' lang='lat' dir='ltr'>causae</span> <span class='ocrx_word' id='word_1_216' title='bbox 697 3431 851 3496; x_wconf 88' lang='lat' dir='ltr'>habemus</span> <span class='ocrx_word' id='word_1_217' title='bbox 867 3452 923 3495; x_wconf 90' lang='lat' dir='ltr'>our</span> <span class='ocrx_word' id='word_1_218' title='bbox 939 3432 1106 3496; x_wconf 89' lang='lat' dir='ltr'>credamus</span> <span class='ocrx_word' id='word_1_219' title='bbox 1123 3431 1256 3496; x_wconf 86' lang='lat' dir='ltr'>Critiam</span> <span class='ocrx_word' id='word_1_220' title='bbox 1273 3431 1377 3495; x_wconf 90' lang='lat' dir='ltr'>ullam</span> 
     </span>
     <span class='ocr_line' id='line_1_29' title="bbox 229 3535 794 3599; baseline 0 -1"><span class='ocrx_word' id='word_1_221' title='bbox 229 3536 383 3599; x_wconf 90' lang='lat' dir='ltr'>librorum</span> <span class='ocrx_word' id='word_1_222' title='bbox 400 3535 590 3598; x_wconf 87' lang='lat' dir='ltr'>divisionem</span> <span class='ocrx_word' id='word_1_223' title='bbox 606 3535 794 3599; x_wconf 87' lang='lat' dir='ltr'>instituisse.</span> 
     </span>
    </p>

    <p class='ocr_par' dir='ltr' id='par_1_4' title="bbox 229 3621 1382 4225">
     <span class='ocr_line' id='line_1_30' title="bbox 273 3621 1379 3722; baseline 0 -20"><span class='ocrx_word' id='word_1_224' title='bbox 273 3639 451 3703; x_wconf 91' lang='lat' dir='ltr'>Deficiente</span> <span class='ocrx_word' id='word_1_225' title='bbox 473 3644 626 3702; x_wconf 86' lang='lat' dir='ltr'>contextu</span> <span class='ocrx_word' id='word_1_226' title='bbox 649 3638 733 3701; x_wconf 92' lang='lat' dir='ltr'>nihil</span> <span class='ocrx_word' id='word_1_227' title='bbox 757 3638 795 3703; x_wconf 92' lang='lat' dir='ltr'>de</span> <span class='ocrx_word' id='word_1_228' title='bbox 818 3621 915 3704; x_wconf 76' lang='lat' dir='ltr'>sensu</span> <span class='ocrx_word' id='word_1_229' title='bbox 936 3639 1114 3716; x_wconf 89' lang='lat' dir='ltr'>verborum,</span> <span class='ocrx_word' id='word_1_230' title='bbox 1129 3660 1212 3722; x_wconf 92' lang='lat' dir='ltr'>quae</span> <span class='ocrx_word' id='word_1_231' title='bbox 1232 3638 1379 3702; x_wconf 86' lang='lat' dir='ltr'>Galenus</span> 
     </span>
     <span class='ocr_line' id='line_1_31' title="bbox 231 3742 1382 3827; baseline -0.003 -20"><span class='ocrx_word' id='word_1_232' title='bbox 231 3766 270 3807; x_wconf 86' lang='lat' dir='ltr'>ex</span> <span class='ocrx_word' id='word_1_233' title='bbox 288 3742 842 3827; x_wconf 63' lang='grc'>116111111361116116011131110166113</span> <span class='ocrx_word' id='word_1_234' title='bbox 864 3743 950 3807; x_wconf 91' lang='lat' dir='ltr'>idem</span> <span class='ocrx_word' id='word_1_235' title='bbox 966 3744 1031 3807; x_wconf 82' lang='lat' dir='ltr'>fere</span> <span class='ocrx_word' id='word_1_236' title='bbox 1047 3743 1086 3806; x_wconf 94' lang='lat' dir='ltr'>de</span> <span class='ocrx_word' id='word_1_237' title='bbox 1101 3743 1170 3806; x_wconf 92' lang='lat' dir='ltr'>loco</span> <span class='ocrx_word' id='word_1_238' title='bbox 1183 3743 1246 3806; x_wconf 94' lang='lat' dir='ltr'>dici</span> <span class='ocrx_word' id='word_1_239' title='bbox 1262 3747 1382 3826; x_wconf 87' lang='lat' dir='ltr'>potest,</span> 
     </span>
     <span class='ocr_line' id='line_1_32' title="bbox 230 3845 1381 3932; baseline -0.001 -21"><span class='ocrx_word' id='word_1_240' title='bbox 230 3869 293 3932; x_wconf 94' lang='lat' dir='ltr'>quo</span> <span class='ocrx_word' id='word_1_241' title='bbox 318 3848 521 3911; x_wconf 90' lang='lat' dir='ltr'>Herodianus</span> <span class='ocrx_word' id='word_1_242' title='bbox 545 3846 687 3929; x_wconf 90' lang='lat' dir='ltr'>ejusdem</span> <span class='ocrx_word' id='word_1_243' title='bbox 708 3847 811 3929; x_wconf 91' lang='lat' dir='ltr'>operis</span> <span class='ocrx_word' id='word_1_244' title='bbox 832 3849 1028 3912; x_wconf 91' lang='lat' dir='ltr'>mentionem</span> <span class='ocrx_word' id='word_1_245' title='bbox 1049 3845 1148 3911; x_wconf 70' lang='lat' dir='ltr'>facit.⁴</span> <span class='ocrx_word' id='word_1_246' title='bbox 1193 3847 1343 3911; x_wconf 82' lang='lat' dir='ltr'>Ceterum</span> <span class='ocrx_word' id='word_1_247' title='bbox 1360 3867 1381 3910; x_wconf 88' lang='lat' dir='ltr'>e</span> 
     </span>
     <span class='ocr_line' id='line_1_33' title="bbox 230 3950 1380 4037; baseline -0.002 -21"><span class='ocrx_word' id='word_1_248' title='bbox 230 3953 354 4016; x_wconf 87' lang='lat' dir='ltr'>ratione</span> <span class='ocrx_word' id='word_1_249' title='bbox 377 3973 439 4035; x_wconf 91' lang='lat' dir='ltr'>qua</span> <span class='ocrx_word' id='word_1_250' title='bbox 462 3951 537 4014; x_wconf 90' lang='lat' dir='ltr'>libri</span> <span class='ocrx_word' id='word_1_251' title='bbox 561 3950 646 4034; x_wconf 92' lang='lat' dir='ltr'>apud</span> <span class='ocrx_word' id='word_1_252' title='bbox 673 3950 832 4014; x_wconf 81' lang='lat' dir='ltr'>Galenum</span> <span class='ocrx_word' id='word_1_253' title='bbox 856 3954 1144 4017; x_wconf 71' lang='lat' dir='ltr'>numerantur-tv</span> <span class='ocrx_word' id='word_1_254' title='bbox 1167 3955 1211 4037; x_wconf 73' lang='grc' dir='ltr'>τῷ</span> <span class='ocrx_word' id='word_1_255' title='bbox 1233 3953 1380 4037; x_wconf 78' lang='grc' dir='ltr'>προτέρῳ</span> 
     </span>
     <span class='ocr_line' id='line_1_34' title="bbox 229 4055 1382 4140; baseline -0.003 -19"><span class='ocrx_word' id='word_1_256' title='bbox 229 4055 538 4140; x_wconf 62' lang='lat' dir='ltr'>‘Optimo-elucet,</span> <span class='ocrx_word' id='word_1_257' title='bbox 565 4063 602 4117; x_wconf 92' lang='lat' dir='ltr'>ut</span> <span class='ocrx_word' id='word_1_258' title='bbox 627 4055 697 4137; x_wconf 90' lang='lat' dir='ltr'>jam</span> <span class='ocrx_word' id='word_1_259' title='bbox 728 4055 867 4120; x_wconf 90' lang='lat' dir='ltr'>Bachius</span> <span class='ocrx_word' id='word_1_260' title='bbox 901 4056 1084 4139; x_wconf 61' lang='lat' dir='ltr'>perspexit}⁵</span> <span class='ocrx_word' id='word_1_261' title='bbox 1110 4075 1190 4138; x_wconf 89' lang='lat' dir='ltr'>opus</span> <span class='ocrx_word' id='word_1_262' title='bbox 1226 4055 1266 4118; x_wconf 88' lang='lat' dir='ltr'>ad</span> <span class='ocrx_word' id='word_1_263' title='bbox 1297 4055 1382 4118; x_wconf 92' lang='lat' dir='ltr'>duos</span> 
     </span>
     <span class='ocr_line' id='line_1_35' title="bbox 230 4158 1382 4225; baseline -0.001 -1"><span class='ocrx_word' id='word_1_264' title='bbox 230 4169 358 4225; x_wconf 88' lang='lat' dir='ltr'>tantum</span> <span class='ocrx_word' id='word_1_265' title='bbox 388 4160 484 4224; x_wconf 90' lang='lat' dir='ltr'>libros</span> <span class='ocrx_word' id='word_1_266' title='bbox 514 4158 715 4222; x_wconf 84' lang='lat' dir='ltr'>referendum</span> <span class='ocrx_word' id='word_1_267' title='bbox 746 4179 821 4222; x_wconf 87' lang='lat' dir='ltr'>esse.</span> <span class='ocrx_word' id='word_1_268' title='bbox 876 4158 1003 4223; x_wconf 89' lang='lat' dir='ltr'>Deinde</span> <span class='ocrx_word' id='word_1_269' title='bbox 1033 4181 1072 4224; x_wconf 86' lang='grc'>611</span> <span class='ocrx_word' id='word_1_270' title='bbox 1103 4159 1213 4222; x_wconf 88' lang='lat' dir='ltr'>formis</span> <span class='ocrx_word' id='word_1_271' title='bbox 1243 4158 1382 4223; x_wconf 90' lang='lat' dir='ltr'>alterius</span> 
     </span>
    </p>
   </div>
   <div class='ocr_carea' id='block_1_2' title="bbox 265 4364 1387 4700">
    <p class='ocr_par' dir='ltr' id='par_1_5' title="bbox 267 4364 820 4438">
     <span class='ocr_line' id='line_1_36' title="bbox 267 4364 820 4438; baseline 0 -16"><span class='ocrx_word' id='word_1_272' title='bbox 267 4369 328 4422; x_wconf 71' lang='lat'>¹01.</span> <span class='ocrx_word' id='word_1_273' title='bbox 343 4367 516 4438; x_wconf 86' lang='lat' dir='ltr'>Hippocrates</span> <span class='ocrx_word' id='word_1_274' title='bbox 528 4366 589 4437; x_wconf 83' lang='lat' dir='ltr'>(Ed.</span> <span class='ocrx_word' id='word_1_275' title='bbox 603 4364 709 4436; x_wconf 76' lang='lat' dir='ltr'>unua),</span> <span class='ocrx_word' id='word_1_276' title='bbox 724 4366 745 4424; x_wconf 91' lang='grc' dir='ltr'>Ι.</span> <span class='ocrx_word' id='word_1_277' title='bbox 760 4370 820 4422; x_wconf 81' lang='lat'><strong>323.</strong></span> 
     </span>
    </p>

    <p class='ocr_par' dir='ltr' id='par_1_6' title="bbox 265 4454 1296 4526">
     <span class='ocr_line' id='line_1_37' title="bbox 265 4454 1296 4526; baseline -0.001 -16"><span class='ocrx_word' id='word_1_278' title='bbox 265 4454 605 4526; x_wconf 56' lang='grc'>2(111111161111.104.</span> <span class='ocrx_word' id='word_1_279' title='bbox 642 4455 819 4524; x_wconf 82' lang='lat' dir='ltr'>Wilamouitz,</span> <span class='ocrx_word' id='word_1_280' title='bbox 833 4454 881 4508; x_wconf 85' lang='lat' dir='ltr'>loc.</span> <span class='ocrx_word' id='word_1_281' title='bbox 896 4455 940 4512; x_wconf 81' lang='lat' dir='ltr'>cit.</span> <span class='ocrx_word' id='word_1_282' title='bbox 1191 4457 1257 4509; x_wconf 82' lang='lat' dir='ltr'>³Fr.</span> <span class='ocrx_word' id='word_1_283' title='bbox 1272 4461 1296 4510; x_wconf 84' lang='grc'>8.</span> 
     </span>
    </p>

    <p class='ocr_par' dir='ltr' id='par_1_7' title="bbox 267 4537 1387 4700">
     <span class='ocr_line' id='line_1_38' title="bbox 267 4537 1387 4617; baseline 0.002 -21"><span class='ocrx_word' id='word_1_284' title='bbox 267 4549 276 4578; x_wconf 79' lang='lat'><strong>⁴</strong></span> <span class='ocrx_word' id='word_1_285' title='bbox 290 4547 324 4600; x_wconf 77' lang='lat' dir='ltr'>&#39;l&#39;d</span> <span class='ocrx_word' id='word_1_286' title='bbox 334 4542 358 4598; x_wconf 73' lang='grc' dir='ltr'>δὲ</span> <span class='ocrx_word' id='word_1_287' title='bbox 372 4545 447 4617; x_wconf 69' lang='grc' dir='ltr'>παρὰ</span> <span class='ocrx_word' id='word_1_288' title='bbox 461 4545 557 4617; x_wconf 68' lang='grc' dir='ltr'>Κριτίᾳ</span> <span class='ocrx_word' id='word_1_289' title='bbox 568 4544 593 4597; x_wconf 79' lang='lat' dir='ltr'>ir</span> <span class='ocrx_word' id='word_1_290' title='bbox 604 4547 666 4606; x_wconf 70' lang='grc' dir='ltr'>ταῖς</span> <span class='ocrx_word' id='word_1_291' title='bbox 675 4537 815 4612; x_wconf 62' lang='lat' dir='ltr'>‘Optatam</span> <span class='ocrx_word' id='word_1_292' title='bbox 825 4543 841 4569; x_wconf 90' lang='lat'><strong>“</strong></span> <span class='ocrx_word' id='word_1_293' title='bbox 847 4541 971 4616; x_wconf 51' lang='grc' dir='ltr'>1111111ςῖι</span> <span class='ocrx_word' id='word_1_294' title='bbox 987 4543 1253 4611; x_wconf 74' lang='grc' dir='ltr'><strong>Η61011.(Ε11.Ι161111)</strong></span> <span class='ocrx_word' id='word_1_295' title='bbox 1266 4543 1303 4600; x_wconf 91' lang='grc'>11.</span> <span class='ocrx_word' id='word_1_296' title='bbox 1318 4547 1387 4602; x_wconf 84' lang='grc'><strong>946.</strong></span> 
     </span>
     <span class='ocr_line' id='line_1_39' title="bbox 267 4631 537 4700; baseline 0.004 -13"><span class='ocrx_word' id='word_1_297' title='bbox 267 4634 327 4688; x_wconf 67' lang='grc'><strong>501.</strong></span> <span class='ocrx_word' id='word_1_298' title='bbox 342 4633 421 4700; x_wconf 86' lang='lat' dir='ltr'>Baclr,</span> <span class='ocrx_word' id='word_1_299' title='bbox 435 4631 480 4687; x_wconf 79' lang='lat' dir='ltr'>loc.</span> <span class='ocrx_word' id='word_1_300' title='bbox 495 4632 537 4689; x_wconf 79' lang='lat' dir='ltr'>cit.</span> 
     </span>
    </p>
   </div>
   <div class='ocr_carea' id='block_1_3' title="bbox 0 0 1524 5058">
    <p class='ocr_par' dir='ltr' id='par_1_8' title="bbox 0 0 1524 5058">
     <span class='ocr_line' id='line_1_40' title="bbox 0 0 1524 5058; baseline 0 0"><span class='ocrx_word' id='word_1_301' title='bbox 0 0 1524 5058; x_wconf 95' lang='lat' dir='ltr'> </span> 
     </span>
    </p>
   </div>
  </div>
 </body>
</html>
