3018 5058
780 437 822 500 40

223 617 335 673 turum
360 609 479 674 fuisse.1
528 610 684 673 Attamen
707 631 763 694 per
786 633 819 676 se
842 614 920 676 satis
943 622 992 678 est
1015 615 1225 699 improbabile
1249 617 1371 682 Philos-

222 720 341 778 tratum
366 715 460 777 Vitas
484 715 624 798 pedestri
647 737 791 780 sermone
814 718 1006 782 scribentem
1029 741 1158 784 carmen
1182 721 1371 786 hexametris

223 819 435 902 compositum
457 819 518 887 sibi
540 820 734 883 imitandum
758 823 978 905 proposuisse:
1002 830 1164 906 praeterea
1187 834 1308 889 eertum
1325 833 1372 892 est

224 924 358 988 Critiam
375 923 413 986 de
432 923 623 987 Archilocho
640 924 743 988 soluto
760 946 904 990 sermone
921 927 1027 1010 egisse.

267 1028 356 1104 Quae
372 1049 444 1090 cum
468 1027 515 1090 ita
530 1027 604 1104 sint,
620 1048 732 1092 censeo
756 1028 951 1093 Philostrato
973 1030 1091 1093 librum
1115 1053 1207 1114 prosa
1231 1033 1371 1097 oratione

222 1133 439 1215 conscriptum
463 1133 664 1196 obversatum
682 1153 767 1197 esse:
791 1134 910 1198 Baebio
931 1141 1039 1198 tamen
1060 1136 1192 1200 minime
1209 1139 1370 1213 assentior,

222 1237 278 1320 qui
306 1236 424 1301 Critiae
451 1236 599 1318 operibus
629 1241 717 1302 Βίαοι
743 1236 868 1321 adjecit,
894 1239 1067 1304 arbitratus
1099 1261 1174 1303 eum
1204 1247 1369 1324 poetarum

221 1341 351 1424 ingenia
372 1340 453 1403 libro
477 1340 630 1423 peculiari
652 1341 840 1405 Philostrati
863 1343 946 1406 Vitis
964 1363 1114 1426 germane
1130 1344 1371 1427 descripsisse·

219 1447 291 1529 jure
303 1445 571 1509 Wilamowitzius
585 1452 681 1529 negat
692 1446 881 1510 Philostrati
894 1447 990 1509 verba
1002 1447 1048 1510 sio
1060 1447 1270 1532 intelligenda
1282 1453 1369 1513 esse³

224 1548 309 1612 Mihi
325 1569 399 1612 vcro
415 1549 694 1632 persuasissimum
709 1556 757 1614 est
774 1556 938 1634 poetarum
954 1551 1150 1615 mentionem
1170 1553 1204 1614 in
1220 1553 1369 1618 Homith's

224 1643 344 1717 factam
360 1674 445 1734 esse3
469 1675 543 1717 nam
567 1675 664 1738 supra
679 1655 884 1739 cognovimus
909 1655 1043 1720 Critiam
1060 1655 1099 1720 de
1115 1643 1308 1721 Archilocho
1323 1658 1369 1722 ibi

223 1759 411 1842 disputasse,
427 1766 459 1822 et
482 1765 586 1823 cetera
602 1781 728 1843 quoque
744 1757 943 1844 fragmenta,⁴
960 1781 1041 1844 quae
1063 1760 1201 1825 Baebius
1217 1762 1258 1825 ad
1280 1763 1371 1826 Vitas

222 1863 357 1940 rettulit,
373 1864 494 1946 optime
516 1865 696 1947 promiscuo
719 1864 934 1928 Homih'crom
957 1873 1144 1948 argumento
1163 1866 1369 1930 conveniunt·

266 1968 427 2032 Homiliae
440 1968 537 2052 igitur
548 1968 666 2031 multas
684 1974 715 2032 et
731 1969 834 2033 varias
847 1970 1056 2052 quaestiones
1069 1968 1108 2032 ad
1125 1968 1370 2053 philosophiam,

222 2073 352 2156 poesim,
369 2071 599 2154 rempublicam
623 2073 829 2156 pertinentes,
844 2067 992 2157 tetigisse
1004 2072 1170 2137 videntur:
1194 2095 1258 2156 qua
1280 2074 1313 2137 in
1337 2097 1371 2140 re

222 2176 274 2240 hic
308 2177 389 2240 liber
417 2177 509 2259 quasi
535 2176 699 2261 speculum
729 2176 888 2240 versatilis
916 2177 1053 2240 auctoris
1083 2177 1204 2261 ingenii
1230 2179 1370 2260 praebet.

225 2282 393 2345 Sermones
416 2301 495 2365 quos
518 2281 554 2343 in
576 2281 739 2344 Thessalia
762 2282 947 2365 peregrinus
971 2282 1168 2365 conscripsit,
1184 2302 1257 2345 curn
1281 2283 1370 2348 Ionis

222 2387 309 2451 illius
340 2383 542 2467 Ἐπιδημίαις
569 2406 749 2468 comparare
785 2387 879 2450 licat:
917 2385 1023 2462 ceteri,
1054 2386 1088 2448 ni
1119 2386 1220 2462 fallor,
1251 2387 1366 2451 similis

224 2493 354 2556 fuerunt
385 2491 566 2574 argumenti
592 2511 629 2554 ac
657 2491 838 2578 φιλόλογοι
865 2491 994 2574 ὁμιλίαι,
1021 2511 1100 2574 quas
1128 2491 1290 2573 Longinus
1321 2498 1372 2556 tot

222 2596 358 2660 saeculis
375 2603 484 2678 postea
500 2595 719 2678 conscripsit:⁶
741 2595 823 2658 illud
840 2616 965 2679 quoque
981 2593 1293 2658 commemorandum
1308 2603 1366 2672 est,

224 2700 310 2785 quod
336 2720 415 2782 opus
442 2698 532 2773 illud,
556 2719 619 2781 quo
642 2698 799 2762 Arrianus
826 2699 966 2782 Epicteti
993 2699 1170 2762 doctrinam
1199 2701 1373 2764 memoriae

223 2804 364 2880 tradidit,
386 2803 470 2886 apud
498 2803 670 2868 Stobaeum
694 2809 727 2866 et
749 2803 902 2867 Photinm
924 2807 1045 2887 ὑμίλίαι
1066 2803 1266 2886 appellatur,i
1285 2803 1373 2868 unde

223 2910 327 2973 elucet
343 2907 461 2992 dialogi
476 2908 611 2971 formam
627 2908 723 2972 titulo
739 2913 858 2991 ὁμιλίαι
875 2908 994 2992 optime
1010 2907 1186 2972 convenire.

270 3013 359 3090 Quae
374 3012 543 3088 Homila'oe,
559 3033 632 3076 curn
656 3012 752 3077 duces
768 3013 1017 3077 Atheniensium
1042 3012 1164 3076 fraudis
1187 3017 1220 3075 et
1243 3012 1373 3076 sceleris

224 3116 491 3194 insimulaverint,
507 3117 734 3201 inquirendum
758 3123 815 3193 est,
831 3138 870 3180 an
888 3117 1056 3200 scriptores
1073 3119 1236 3200 sequentis
1257 3117 1375 3181 aetatis

226 3222 286 3286 hoc
312 3223 400 3285 fonte
431 3222 481 3285 usi
511 3221 584 3284 sint.
631 3221 750 3286 Critiae
780 3222 907 3305 scripta,
934 3227 971 3285 ut
1001 3242 1097 3304 supra
1123 3221 1272 3296 vidimus,
1299 3228 1375 3304 post

226 3332 360 3390 mortem
396 3325 533 3389 auctoris
563 3326 597 3388 in
629 3325 822 3389 oblivionem
853 3325 1001 3389 cecidere.
1058 3325 1202 3407 Excepto
1236 3323 1374 3388 Platone

227 3431 394 3496 Socraticis
421 3430 638 3493 odiosissimus
666 3431 737 3504 fuit,
764 3436 800 3492 ut
831 3452 847 3493 e
873 3430 1124 3494 Memorabilibus
1154 3428 1231 3492 satis
1258 3427 1375 3504 elucet,

228 3556 330 3618 neque
358 3534 469 3598 mitius
496 3534 559 3597 fuit
585 3534 746 3598 rhetorum
771 3543 803 3597 et
829 3541 988 3598 oratorum
1009 3533 1175 3616 judicium.
1221 3532 1374 3615 Ephorus

228 3647 261 3703 et
294 3639 526 3721 Theopompus,
560 3639 710 3702 Isocratis
745 3637 903 3721 discipuli,
937 3637 1128 3701 Therameni
1161 3637 1375 3700 infestissimo

227 3743 344 3807 Critiae
361 3741 486 3805 aemulo
502 3742 658 3818 faverunt,
674 3745 720 3806 ita
736 3748 772 3805 ut
796 3742 913 3806 Critiae
929 3742 1101 3806 auctoritas
1116 3763 1181 3804 non
1205 3741 1267 3804 nisi
1283 3741 1374 3823 apud

226 3847 454 3930 Peripateticos
477 3846 583 3910 valere
606 3847 764 3929 potuerit:
788 3847 880 3930 cujus
903 3846 948 3909 rei
971 3846 1163 3910 documenta
1186 3866 1258 3908 oum
1282 3845 1373 3926 apud

257 4090 317 4147 101.
331 4089 433 4158 Lullier,
447 4107 487 4160 op.
502 4090 544 4147 cit.
559 4094 601 4146 39.
887 4088 947 4144 ²cf.
961 4088 1041 4154 Bach,
1054 4105 1093 4160 op.
1107 4086 1152 4143 cit.
1166 4090 1207 4144 99.

256 4179 266 4212 ³
279 4178 316 4236 cf.
331 4177 507 4246 Wilamowitr,
522 4176 568 4231 loc.
582 4177 625 4233 cit.
883 4181 894 4213 ⁴
906 4176 949 4228 Pr.
963 4178 988 4243 9,
1003 4177 1044 4242 13,
1059 4178 1099 4230 14.

255 4265 316 4319 ³01.
332 4264 471 4334 Ruhnken,
485 4265 525 4319 De
544 4265 605 4319 Vita
617 4274 641 4320 et
654 4263 769 4336 demptis
781 4263 906 4334 Loapiai,
920 4263 1013 4332 Opusc.
1028 4262 1048 4316 I.
1064 4266 1124 4318 609.

254 4352 380 4426 “iypoedr
399 4353 444 4423 (sc.
459 4351 599 4425 Ἀῤῥιαιίς)
612 4351 637 4408 δὲ
655 4357 749 4418 βιβλία
768 4352 814 4406 καί
835 4351 909 4424 ἕτερα
929 4353 980 4409 τῶν
991 4351 1039 4420 μὲν
1057 4349 1194 4419 canapeo»
1206 4347 1376 4413 Ἐπικτήτου

219 4445 266 4500 τοῦ
279 4439 436 4496 διδασκάλου
450 4441 497 4496 ὅσα
518 4445 588 4512 lapse
607 4445 701 4507 βιβλία
722 4443 794 4512 dard,
807 4443 858 4497 τῶι
878 4438 902 4495 δὲ
922 4441 1028 4510 ὁμιλιῶν
1045 4442 1092 4496 τοῦ
1111 4441 1194 4494 αιἰταῦ
1205 4435 1376 4500 Ἐπικτήτου

218 4532 312 4595 βιβλία
333 4527 436 4600 diadema,
459 4531 535 4586 Phct.
573 4533 600 4585 ἐκ
619 4531 669 4587 rtis
687 4529 819 4602 Ἂβριαιαῖι
841 4530 1052 4603 προτρεπτικῶν
1073 4529 1186 4596 imbuis,
1206 4525 1277 4582 Stob.
1298 4526 1375 4582 Flos.

219 4624 262 4688 97,
276 4622 318 4674 28.
357 4618 396 4674 cf.
413 4617 517 4690 Aemus,
533 4619 701 4687 Quaeshhaes
714 4617 871 4690 bhrictetece,
884 4625 926 4676 36.
