3018 5058
11 677 23 764 l

706 481 746 542 15

190 655 239 717 Ex
269 654 466 738 glossemate,
497 654 583 737 quod
620 654 706 737 apud
744 655 1030 737 Harpocrationem
1061 660 1176 733 exstat,
1205 656 1289 720 Wil-

146 758 363 822 amowitzius1
378 757 501 842 colligit
515 757 695 841 Didymum
712 758 830 822 Critiae
842 757 961 841 scripta
975 758 1160 842 inspexisse.
1195 760 1289 823 Lexi-

146 861 322 945 cographus
349 870 456 926 autem
483 863 543 926 sub
571 882 649 926 voce
674 862 882 947 Λυκιουργεῖς
908 861 986 925 haec
1013 867 1140 924 tantum
1168 863 1290 945 profert

146 966 360 1052 Λυκιουργεῖς.
395 964 535 1048 Δίδυμός
561 978 644 1054 φησι
670 963 728 1035 τὰς
755 963 818 1029 ὑπὸ
845 963 968 1030 Λυκίου
994 964 1291 1047 κατεσκευασμένας

148 1068 261 1152 φιάλας
285 1073 342 1136 τοῦ
366 1067 525 1158 Μύρωνος
548 1069 617 1135 υἱοῦ
641 1069 742 1139 οὕτως
766 1068 922 1156 εἰρῆσθαι·
946 1072 1071 1153 ἀγνοεῖν
1094 1068 1128 1135 δὲ
1151 1069 1251 1135 ἔοικεν
1274 1069 1290 1134 ὁ

145 1172 365 1260 γραμματικός
381 1172 433 1239 ὅτι
446 1172 501 1240 τὸν
516 1177 659 1239 τοιοῦτον
675 1170 907 1261 σχηματισμὸν
918 1171 983 1239 ἀπὸ
999 1172 1117 1262 κυρίων
1128 1171 1293 1258 ὀνομάτων

145 1277 202 1342 οὐκ
224 1277 264 1344 ἅν
283 1305 331 1348 τις
353 1279 438 1365 εὕροι
460 1279 652 1362 γιγνόμενον,
667 1281 797 1360 μᾶλλον
819 1277 853 1342 δὲ
875 1276 941 1343 ἀπὸ
963 1277 1092 1344 πόλεων
1108 1277 1161 1343 καί
1184 1278 1291 1345 ἐθνῶν·

146 1393 165 1418 “
175 1382 267 1464 κλίνη
298 1381 572 1471 Μιλησιουργής”
604 1381 741 1470 Κριτίας
772 1387 873 1469 φησιν
902 1384 936 1449 ἓν
961 1385 1000 1467 τῇ
1031 1382 1292 1466 Λακεδαιμονίων

146 1485 315 1574 Πολιτείᾳ.
339 1488 428 1565 Quae
440 1488 548 1552 omnia
563 1488 783 1571 Harpocratio,
796 1495 834 1551 ut
846 1489 913 1572 jam
930 1488 1116 1552 Dindorfius
1129 1489 1292 1572 perspexit

145 1591 343 1656 adverbum
369 1594 435 1658 fere
461 1613 501 1656 ex
525 1593 714 1656 Athenaeo²
739 1591 944 1676 deprompsit,
960 1593 1017 1676 qui
1042 1593 1132 1656 addit
1157 1593 1290 1657 Critiam

144 1695 244 1758 simili
268 1697 361 1760 modo
388 1695 481 1777 κλίνη
508 1694 669 1782 Χιουργὴς
693 1694 747 1761 καὶ
773 1698 915 1782 τράπεζα
936 1693 1142 1783 Ῥηνιονργής
1164 1697 1291 1760 dixisse.

146 1799 263 1884 Itaque
279 1801 497 1884 quaerendum
513 1809 570 1878 est,
586 1800 658 1883 quis
674 1799 798 1883 primus
813 1801 891 1864 haec
907 1821 947 1864 ex
963 1800 1064 1864 Critia
1079 1800 1289 1864 transtulerit.

145 1905 222 1968 Mea
248 1925 322 1968 vero
348 1904 509 1969 sententia
535 1903 708 1968 falsissima
734 1904 870 1988 Didymi
892 1903 1115 1987 interpretatio
1142 1903 1291 1979 ostendit,

143 2009 264 2073 Critiae
280 2023 375 2092 opera
397 2009 426 2072 ei
449 2030 562 2092 parum
587 2015 663 2072 nota
679 2004 796 2072 luisse:
819 2029 894 2072 nam
917 2009 944 2072 si
966 2008 1065 2072 libros
1087 2008 1288 2092 inspexisset,

143 2113 202 2175 ubi
224 2134 288 2177 non
313 2112 712 2200 Μιλησιουργήςιευιυιη
736 2113 911 2177 sedetiam
938 2111 1099 2200 Χιουργής
1126 2119 1159 2176 ει
1185 2119 1289 2176 cetera

141 2217 262 2280 similia
276 2218 435 2292 exstitere,
451 2218 519 2282 lieri
541 2238 606 2280 non
629 2217 786 2301 potuisset
808 2217 889 2301 quin
904 2222 1107 2301 cognosceret
1130 2216 1289 2299 ejusmodi

143 2323 288 2404 epitheta
304 2344 428 2406 semper
443 2343 517 2386 cum
533 2323 663 2386 urbium
685 2329 718 2384 et
739 2322 885 2406 gentium
909 2321 1094 2384 nominibus
1118 2321 1291 2384 cohaerere.

144 2427 235 2502 Quae
267 2449 339 2490 cum
370 2428 416 2490 ita
447 2427 513 2491 sint
543 2427 749 2490 manifestum
781 2432 830 2490 est
858 2425 1104 2509 grammaticum
1131 2425 1293 2508 quendam

144 2529 264 2594 Critiae
280 2531 410 2613 scriptis
425 2530 466 2594 ad
482 2530 616 2612 Didymi
633 2529 790 2592 rationem
807 2528 1036 2592 confutandam
1053 2550 1146 2592 usum
1163 2550 1239 2593 esse.

188 2633 343 2699 Attamen
361 2635 479 2698 Critiae
496 2655 598 2717 opera,
609 2633 757 2717 quamvis
773 2633 915 2714 Didymo
932 2633 1049 2716 ignote,
1063 2632 1292 2698 Alexandrinis

142 2740 178 2801 in
203 2739 351 2802 manibus
372 2739 471 2803 luisse
486 2738 653 2802 videntur:
677 2738 868 2821 glossemata
891 2738 977 2801 enim
1001 2736 1158 2800 nonnulla
1178 2759 1251 2801 cum
1275 2759 1294 2801 a

144 2843 277 2908 Polluce
293 2851 362 2906 tum
379 2845 419 2907 ab
435 2842 599 2926 Hesychio
622 2849 792 2920 notantur;
814 2849 940 2905 constat
962 2848 1070 2906 autem
1091 2842 1291 2925 Hesychium

142 2949 179 3011 in
195 2946 381 3012 universum
395 2948 588 3011 Onomastioo
600 2968 664 3010 non
681 2967 775 3010 usum
791 2967 867 3022 esse,
877 2953 910 3010 ει
925 2966 961 3009 ea
973 2966 1055 3029 quae
1071 2966 1144 3009 curn
1162 2945 1292 3010 Polluce

142 3052 326 3116 communia
351 3051 449 3116 habet
472 3051 642 3116 vetustiori
666 3050 793 3113 cuidam
819 3050 909 3125 fonti,
929 3049 1146 3132 grammaticis
1170 3049 1293 3113 scilicet

141 3155 382 3230 Alexandrinis,
414 3156 550 3221 debere.a
594 3154 825 3238 Loxicographi
861 3161 969 3217 tamen
1001 3153 1120 3217 Critiae
1151 3153 1292 3217 carmina

141 3281 311 3343 nunquam
333 3260 442 3324 dedita
465 3281 561 3342 opera
576 3259 767 3344 perscrutati
787 3265 873 3334 sunt,
889 3278 981 3322 voces
1004 3257 1091 3322 enim
1114 3257 1293 3321 rarissimae

141 3386 227 3449 quac
242 3366 334 3429 nobis
349 3365 395 3428 ibi
411 3374 582 3429 occurrunt
595 3364 819 3449 grammaticos
834 3383 944 3427 omnes
960 3363 1089 3446 lugere.⁴

190 3471 231 3533 In
246 3469 395 3534 laudibus
411 3470 529 3553 quibus
546 3469 799 3533 coercendae
815 3467 1032 3550 eloquentiam
1044 3467 1137 3531 effert
1152 3467 1290 3530 Rhodio-

141 3578 230 3638 rum⁶
242 3573 365 3657 judicia
392 3595 561 3658 agnoscere
588 3573 672 3649 licet,
698 3573 763 3656 qui,
788 3580 825 3636 ut
852 3571 1064 3636 Demostheni
1091 3570 1291 3655 Hyperidem

140 3678 375 3764 praeferebant,
399 3679 445 3742 ita
476 3676 655 3761 simplicem
687 3677 806 3740 Critiae
836 3676 947 3741 stilum
973 3675 1162 3739 admiraturi
1193 3681 1291 3739 erant.

142 3784 251 3849 Testis
277 3789 326 3848 est
353 3783 463 3848 Cicero
486 3784 631 3866 “scriptc
656 3781 838 3846 τιυιιιιιιίἰιι”
861 3781 979 3846 Critiae
1006 3786 1144 3844 aetatem
1170 3779 1291 3856 tulisse,

140 3889 209 3966 sed,
225 3895 262 3952 ut
286 3889 369 3951 infra
393 3888 583 3963 videbimus,
598 3887 757 3951 incertum
782 3893 892 3950 asten
917 3885 996 3949 haec
1020 3885 1088 3967 ipse
1113 3884 1291 3966 perlegerit.

181 4119 188 4148 ¹
203 4117 378 4186 Wilamowitc,
391 4114 545 4170 Ακίυιοιιίιε
558 4113 616 4168 uod
628 4114 725 4185 Athen,
740 4114 762 4168 1.
779 4113 836 4170 175.

178 4207 190 4236 ²
202 4205 308 4276 Athen,
322 4206 370 4260 XI.
384 4209 437 4261 486
450 4205 481 4260 lt.

179 4295 239 4349 ³Cl.
253 4294 429 4362 Wilamcwitz,
442 4291 490 4346 loc.
504 4291 548 4346 cit.

179 4383 256 4440 ⁴Vid.
271 4380 413 4457 γράμματ’
430 4381 580 4447 ιἰλιξίλογιι
592 4389 616 4434 et
627 4388 672 4436 cel.
686 4395 711 4448 p.
724 4383 766 4434 30.

179 4473 190 4504 ³
207 4469 273 4525 Τιυι.
288 4471 351 4527 Ant.
366 4471 397 4527 V.
412 4477 436 4538 1,
450 4477 474 4527 Λ

179 4558 191 4592 ⁸
204 4561 242 4616 Ci.
257 4561 339 4630 Blsss,
356 4556 521 4614 θείεοιίιιιι
538 4553 735 4610 Beredsamlceit
747 4571 797 4608 υοτι
810 4551 961 4608 Alexander
974 4550 1013 4605 dir
1025 4553 1079 4620 aas
1087 4552 1232 4622 Λιιριιιιιιι,
1246 4568 1291 4620 pp.

139 4653 241 4709 89-93.
