3018 5058
662 399 705 464 43

113 581 234 668 singuli
255 581 357 645 libelli
381 580 420 644 de
443 576 763 642 Lacedaemoniorum
781 577 813 638 et
836 571 1057 636 Thessalorum
1081 571 1259 654 Republica

112 689 153 752 ab
169 686 337 749 Athenaeo
353 684 669 748 commemorantur:l
690 678 868 762 fragmenta
884 677 946 738 huc
963 674 1158 757 pertinentia
1173 673 1259 756 apud

113 790 333 864 Plutarchum,
352 788 550 852 Clementem
574 782 841 856 Alexandrmum,
856 780 1036 854 Libanium‚
1052 779 1258 841 Eustathium

113 900 238 959 servata
267 897 363 958 sunt.²
408 893 538 955 Praeter
565 887 722 953 vocabula
749 887 910 968 disjuncta
936 885 1078 966 quinque
1106 883 1259 944 habemus

115 1000 300 1082 fragmenta,
311 1018 447 1081 quorum
459 995 598 1077 primum
611 993 650 1056 de
661 990 784 1074 nuptiis
797 996 829 1054 et
840 989 987 1072 genitura
999 989 1072 1071 agit,
1083 987 1259 1051 secundum

114 1102 364 1185 temperantiam
388 1101 580 1183 Spartanam
602 1097 749 1169 celebrat,
765 1094 896 1158 tertium
913 1099 945 1156 et
968 1098 1116 1176 quartum
1141 1091 1262 1154 habilia

115 1205 434 1270 Lacedaemoniorum
448 1203 639 1267 vestimenta
651 1206 683 1263 et
695 1198 846 1262 utensilia
857 1197 999 1273 laudant,
1012 1196 1160 1280 quintum
1175 1217 1259 1258 serv-

116 1330 207 1372 orum
223 1307 439 1372 conditionem
457 1305 561 1389 qualis
578 1305 710 1387 Spartae
726 1302 824 1366 fuerit
840 1300 1007 1364 describit:
1031 1301 1141 1363 eodem
1157 1299 1262 1362 tendit

115 1413 331 1495 fragmentum
338 1410 423 1493 quod
434 1429 536 1472 uuum
546 1409 586 1471 de
596 1405 773 1490 Republica
783 1404 1005 1468 Thessalorum
1018 1411 1175 1486 superest3
1186 1425 1261 1467 uam

114 1516 161 1578 ibi
177 1515 275 1578 luxus
290 1515 473 1596 castigetur,
489 1513 545 1596 qui
561 1518 639 1574 tunc
655 1509 806 1592 temporis
823 1508 908 1592 apud
930 1508 1096 1571 Thessalos
1112 1508 1259 1572 obtinuit

162 1620 286 1696 Quibus
309 1639 349 1682 ex
372 1617 516 1701 reliquiis
543 1617 683 1698 integros
712 1613 830 1678 Critiae
857 1612 982 1676 libellos
1006 1613 1175 1676 restituere
1198 1634 1262 1676 non

116 1723 213 1786 licet:
236 1723 296 1787 hoo
319 1727 430 1788 tamen
447 1721 653 1805 perspicuum
670 1725 719 1782 est
741 1739 794 1782 eos
817 1719 940 1781 notioni
964 1719 1096 1782 minime
1112 1719 1263 1801 respond-

114 1827 179 1889 isse
191 1847 297 1909 quam,
309 1823 493 1889 Aristotelis
508 1822 599 1886 libris
612 1823 690 1898 nixi,
702 1843 775 1885 cum
791 1821 887 1885 titulo
902 1822 1056 1888 πολιτεῖαι
1072 1825 1263 1906 conjungere

115 1929 294 1993 solemus:²
317 1949 421 2012 neque
447 1927 654 1991 Duemmlero
677 1926 840 2002 assentior,
864 1926 917 1989 cui
940 1927 1045 2009 placet
1072 1927 1204 1990 Critiam
1229 1929 1262 1990 in

115 2033 245 2098 Politr'ie
268 2033 444 2097 scribendis
469 2032 561 2114 quasi
584 2031 782 2095 causidicum
804 2029 1091 2106 factioniSIuisse.⁴
1134 2029 1263 2096 Etenim

116 2137 195 2202 illae
222 2137 453 2221 temperantiae
479 2136 590 2200 laudes
618 2135 756 2199 Socratis
784 2135 963 2198 doctrinam
990 2136 1143 2214 redolent,
1166 2139 1264 2221 prim-

115 2263 240 2325 umque
252 2244 468 2325 fragmentum
482 2241 622 2305 ostendit
635 2240 770 2304 Critiam
783 2261 847 2303 non
859 2241 952 2303 modo
965 2241 1106 2324 singulas
1119 2243 1266 2306 civitates

115 2347 325 2429 descripsisse
341 2347 396 2410 sed
414 2347 509 2409 etiam
527 2345 703 2409 sententias
719 2366 792 2408 suas
808 2344 847 2407 de
860 2346 1100 2428 quaestionibus
1117 2347 1265 2411 civilibus

114 2450 299 2534 protulisse,
311 2451 356 2514 ita
372 2457 409 2514 ut
424 2450 510 2513 haud
525 2448 735 2533 improbabile
747 2448 895 2512 videatur
907 2450 1069 2513 cardinem
1085 2453 1266 2534 argumenti

114 2555 154 2616 in
186 2555 245 2618 hac
272 2555 458 2639 quaestione
481 2561 644 2618 versatum
675 2574 750 2629 esse,
774 2575 913 2636 quanam
944 2554 1138 2638 reipublicae
1165 2556 1267 2619 forma

116 2658 207 2722 cives
234 2660 319 2735 boni,
347 2680 420 2722 cum
447 2679 576 2742 corpore
606 2664 677 2721 tum
705 2663 812 2722 mente
839 2664 1046 2742 praestantes,
1073 2661 1266 2724 erudiantur.

115 2763 170 2826 Ex
203 2763 391 2850 fragmentis
422 2768 530 2827 autem
563 2763 769 2847 perspicuum
800 2770 849 2828 est
881 2764 911 2828 ei
945 2764 1265 2846 Lacedaemoniorum

116 2865 273 2929 instituta
297 2869 436 2930 maxime
460 2867 636 2950 placuisse;
659 2866 786 2950 quibus
804 2869 941 2932 Socratis
956 2870 1092 2954 vestigia
1108 2871 1269 2954 ingressus

114 2970 204 3032 vitia
229 2970 453 3036 Thessalorum
470 2971 639 3055 opposuit.⁵
684 2972 797 3055 Neque
813 2973 945 3038 fortasse
961 2995 1037 3038 casu
1053 2976 1169 3039 accidit
1184 2977 1269 3059 quod

116 3076 296 3139 memoriae
310 3097 391 3158 quae
407 3075 499 3138 nobis
512 3075 550 3139 de
564 3075 683 3139 Critiae
697 3081 854 3142 πολιτεῖαι
869 3077 1078 3142 adservantur
1090 3079 1270 3144 subsistunt

116 3180 157 3242 in
190 3179 513 3243 Lacedaemoniorum
544 3185 576 3242 et
606 3178 830 3243 Thessalorum
860 3182 1055 3260 civitatibus
1083 3183 1175 3267 quasi
1201 3184 1270 3267 ipse

116 3290 233 3345 auctor
255 3283 290 3345 in
313 3283 364 3346 his
388 3283 514 3347 duabus
536 3282 620 3346 inter
643 3303 676 3346 se
700 3285 922 3366 comparandis
945 3288 1150 3369 acquieverit,
1170 3288 1272 3352 ,simili

117 3386 218 3450 modo
235 3392 332 3470 atque
347 3389 382 3450 in
402 3387 506 3451 Critio
521 3386 614 3450 Plato
630 3386 766 3450 conlatis
782 3387 951 3452 Atlantide
967 3395 1000 3454 et
1015 3392 1117 3474 priore
1132 3393 1270 3457 Atheni·

118 3491 252 3555 ensium
268 3492 405 3556 civitate.

171 3595 302 3659 Etenim
332 3603 500 3680 propterea
530 3603 579 3660 est
608 3596 782 3660 verisimile
815 3598 933 3662 Critiae
963 3601 1099 3668 Politice
1128 3603 1272 3668 Platonis

120 3699 326 3786 Reipublicae
342 3700 462 3764 similes
478 3701 585 3777 fuisse,
602 3701 686 3784 quod
703 3701 755 3766 hie
771 3702 932 3786 dialogum
948 3705 1050 3782 illum,
1066 3708 1121 3789 qui
1137 3709 1272 3795 Reipub-

121 3806 206 3868 licae
236 3804 414 3868 doctrinam
446 3805 593 3888 exemplo
621 3804 660 3868 ab
687 3805 821 3869 historia
852 3809 952 3890 petito
983 3809 1123 3876 illustrat
1154 3813 1272 3878 Critiae

122 3908 257 3972 nomine
280 3908 450 3992 inscripsit.
498 3910 586 3986 Quae
610 3931 659 3974 res
686 3913 985 3978 commemoratione
1012 3915 1199 4000 dignissima
1225 3925 1274 3984 est

122 4034 201 4077 cum
227 4012 318 4077 Plato
341 4033 491 4096 personas
515 4012 712 4098 dialogorum
737 4015 878 4080 maxima
903 4038 978 4082 cura
1004 4019 1160 4103 disponat,
1177 4023 1222 4087 ita
1237 4032 1275 4088 ut
1334 4049 1336 4056 ·

167 4232 306 4304 ¹Fr.2,a.
697 4231 761 4294 'Fr
777 4240 800 4306 ι,
814 4239 839 4306 4,
852 4245 876 4294 5.

163 4320 224 4378 ¹0f.
238 4321 321 4392 Blass,
334 4321 453 4376 Attiscde
464 4322 668 4396 Beredeamlceit‚
683 4325 704 4381 Ι.
719 4329 777 4382 263.

162 4407 203 4446 ⁴“
210 4407 363 4478 Jedansalu
378 4409 648 4482 Tendenasclmfleo,”
661 4412 805 4484 Diimmler,
819 4415 936 4486 Hermes,
948 4417 1080 4477 XXVIII.
1094 4423 1153 4478 264.

163 4496 226 4553 'CL
241 4497 309 4554 Plat.
326 4495 389 4556 Oria.
404 4503 439 4555 53
452 4499 484 4554 D.
522 4501 589 4588 ἥξξις
602 4503 626 4560 δὲ
639 4505 672 4561 irs
688 4507 844 4563 Θετταλίαν
858 4511 934 4580 παραὶ
952 4510 1011 4568 τοὺς
1031 4509 1112 4575 Eiuro<
1124 4509 1182 4574 τοὺς
1205 4507 1283 4584 Κρίτ-

128 4609 198 4650 ωνος·
218 4587 268 4641 insi
279 4590 332 4662 wig
344 4587 374 4654 dri
388 4597 495 4654 πλείστη
509 4591 614 4657 ἀταξία
626 4592 673 4648 nul
687 4590 826 4651 einehardi.
