3018 5058
607 1045 699 1110 CAP.
727 1044 783 1107 IV.

166 1245 272 1325 Caput
295 1241 432 1304 alterum
453 1237 659 1322 Hippocratis
675 1235 750 1298 libri
773 1233 869 1316 primi
885 1233 961 1296 “Dc
976 1229 1095 1295 Medici
1115 1226 1271 1314 Officiac”

123 1347 309 1416 inscribitur
324 1341 368 1409 txii
394 1348 442 1409 καὶ
466 1340 544 1409 ἰδεῖν
565 1346 614 1406 καὶ
639 1340 739 1425 θιγεῖν
759 1343 806 1403 uui
832 1337 965 1402 dacriani
989 1337 1060 1410 ἔστι,
1078 1333 1208 1396 tertium
1227 1327 1270 1395 “A

123 1455 170 1514 καὶ
195 1449 235 1535 τῇ
251 1449 321 1532 ὄψει
337 1451 385 1511 καὶ
410 1447 447 1533 τῇ
472 1445 539 1532 ἁφῇ
566 1448 614 1509 καὶ
639 1443 676 1530 τῇ
700 1441 779 1528 deors]
804 1446 850 1505 καὶ
876 1440 912 1526 τῇ
936 1437 1000 1524 ῥινὶ
1026 1440 1074 1503 καὶ
1098 1436 1136 1520 τῇ
1161 1434 1272 1520 γνώμῃ

123 1556 207 1618 ἐστιν
224 1549 403 1616 οἷοθίσθοιε
428 1548 513 1611 unde
537 1553 669 1630 apparet
692 1546 923 1627 Hippocratem
949 1549 1082 1623 utroque
1106 1539 1210 1621 capite
1234 1535 1272 1598 de

124 1657 205 1730 visu,
226 1661 324 1728 tactu,
340 1652 454 1714 auditu
477 1651 585 1734 egisse.
632 1650 735 1725 Quam
759 1645 982 1730 repetitionem
1006 1647 1272 1708 commentatores

123 1758 249 1841 antiqui
264 1757 322 1820 aiii
341 1755 404 1818 alia
419 1755 540 1818 ratione
557 1752 716 1836 explicare
732 1751 943 1816 studuerunt:
967 1747 1060 1812 cardo
1076 1746 1272 1830 quaestionis

123 1864 158 1925 in
181 1861 415 1946 significatione
439 1859 526 1922 vocis
550 1859 663 1945 γνώμῃ
686 1857 879 1920 versabatur.
926 1853 1070 1918 Galenus
1093 1851 1200 1936 igitur,
1217 1872 1271 1914 ex-

124 1968 225 2032 cussis
257 1967 401 2049 priorum
436 1963 612 2038 sententiis,
645 1963 737 2026 docet
771 1961 1003 2044 Hippocratem
1037 1979 1094 2041 pro
1126 1962 1272 2020 veterum

124 2071 316 2154 scriptorum
354 2067 583 2132 consuetudine
622 2067 706 2130 hanc
743 2087 854 2130 vocem
892 2064 1003 2128 eadem
1041 2061 1272 2146 significatione

127 2195 295 2258 usurpasse
307 2195 344 2237 ac
356 2170 486 2239 διάνοια.
520 2173 623 2248 Quem
635 2192 729 2234 usum
742 2170 898 2254 exemplis
910 2190 928 2232 e
941 2168 1050 2242 Oricia,
1065 2165 1275 2255 Antiphonta

126 2279 267 2353 Platone,
284 2277 388 2361 Lysia,
405 2275 565 2341 Aeschine
591 2275 758 2351 Socratico,
774 2275 935 2338 iilustrare
953 2271 1066 2356 pergit,
1082 2279 1179 2354 atque
1195 2270 1274 2333 haec

126 2383 166 2445 de
190 2381 296 2446 Critia.
314 2381 462 2464 μοῖθΐῢ.1
512 2383 640 2466 Κριτίας
662 2384 719 2461 μὲν
742 2382 775 2445 ἐν
796 2379 840 2464 τῷ
862 2379 976 2464 πρώτῳ
992 2375 1179 2463 Ἀφορισμῷ
1203 2371 1274 2440 τάδε

127 2486 244 2572 γράφει
259 2482 363 2565 “patre
388 2481 406 2548 ii
430 2484 474 2569 τῷ
495 2483 588 2569 ἄλλῳ
605 2484 723 2565 σώματι
746 2482 927 2549 αἰσθάνεται
950 2485 1027 2561 μήτε
1052 2478 1071 2545 ii
1095 2481 1133 2567 τῇ
1157 2479 1274 2565 γνώμῃ

126 2590 297 2675 γιγνώσκει
308 2588 322 2613 ”
347 2592 395 2652 καὶ
422 2589 519 2652 πάλιν
541 2585 807 2674 ’(γιγνιῖισκονσιν
831 2589 861 2652 οἱ
894 2585 1058 2672 ἄνθρωποι
1081 2583 1107 2649 εἴ
1138 2609 1187 2658 τις
1218 2586 1275 2663 μὲν

127 2696 263 2780 ὑγιαίνει
276 2693 313 2779 τῇ
326 2691 465 2778 γνώμῃ·”
483 2695 531 2756 καὶ
542 2695 575 2756 ἐν
585 2689 737 2775 Ὀμιλιὼν
749 2692 890 2776 προτέρῳ
902 2693 949 2755 “ai
963 2687 989 2755 δ’
1000 2689 1095 2763 αὐτὸς
1106 2687 1275 2764 ἀσκήσεως

128 2800 218 2871 ὅπως
245 2798 358 2882 γνώμῃ
384 2795 438 2882 (σῇ
462 2795 552 2882 'ium'
574 2795 694 2871 iauvoc,
717 2794 827 2871 ἣκιστα
851 2793 890 2858 ἂν
914 2793 1016 2867 οὕτως
1041 2792 1091 2857 ὑπ’
1115 2791 1212 2857 ἆντοῖι
1235 2790 1275 2855 ἂν

129 2898 340 2977 ιἰδικηθείης·”
365 2904 414 2964 καὶ
446 2902 608 2975 πολλάκις
632 2903 664 2966 ἐν
688 2903 732 2985 τῷ
755 2899 837 2984 αὐτῷ
861 2902 909 2962 καὶ
933 2900 966 2962 ἐν
988 2901 1032 2982 τῷ
1060 2893 1189 2982 δευτέρῳ
1212 2898 1275 2960 τῶν

130 3004 264 3087 ὁμιλιῶν
281 3001 481 3090 ἆντιδιαιριῖιν
498 3004 663 3079 αἰσθήσεσι
679 3005 737 3080 τὴν
754 3003 885 3088 γνώμην
901 3000 1062 3076 πολλάκις
1079 3000 1205 3087 εἴρηκεν.

173 3107 270 3172 Unde
294 3106 437 3170 Galenus
460 3107 539 3170 haec
560 3106 705 3192 hauserit
727 3107 887 3170 incertum
910 3113 978 3169 est:
1001 3105 1119 3168 conicit
1141 3102 1276 3166 Wilam-

130 3210 276 3274 owitzius
299 3209 513 3292 Iphicianum,
531 3209 648 3274 Simiae
673 3209 772 3274 Stoici
795 3209 998 3294 discipulum,
1014 3230 1110 3293 quem
1136 3208 1277 3272 Galenus

130 3336 227 3397 supra
244 3320 470 3378 commemorat
487 3315 607 3379 fontem
623 3315 740 3380 fuisse:
763 3314 847 3377 nihil
869 3320 977 3378 tamen
993 3334 1107 3379 causae
1123 3313 1277 3377 habemus

132 3440 190 3482 cur
212 3416 307 3480 illum
328 3416 444 3493 locum,
459 3439 533 3481 cum
555 3419 616 3483 hoc
639 3441 735 3502 quem
757 3439 843 3482 nunc
866 3424 1049 3494 tractamus,
1065 3421 1277 3481 conectamus.

131 3522 217 3585 Fieri
245 3527 358 3604 potest,
386 3527 423 3584 ut
449 3523 518 3606 ipse
546 3523 689 3587 Galenus
717 3523 835 3588 Critiae
862 3543 957 3606 opera
983 3522 1177 3605 inspexerit:
1210 3521 1278 3602 ejus

133 3627 218 3690 enim
235 3632 339 3689 aetate
353 3625 413 3688 viri
429 3626 515 3690 docti
531 3647 679 3712 magnam
695 3648 824 3710 operam
840 3627 875 3690 in
892 3626 1025 3691 Critiam
1041 3624 1278 3709 impendebant.

134 3729 197 3794 Sed
220 3733 385 3812 utcunque
409 3728 488 3794 haec
510 3751 560 3795 res
576 3752 610 3794 se
625 3730 730 3808 habet,
747 3753 764 3794 e
779 3730 934 3794 librorum
957 3728 1062 3793 titulis
1082 3737 1115 3793 et
1138 3727 1279 3792 numeris

134 3831 287 3896 adhibitis
309 3831 422 3926 elucet,
444 3832 552 3897 locum
574 3834 636 3898 viri
662 3833 847 3899 testimonio
875 3833 937 3896 niti
965 3833 1017 3896 cui
1039 3833 1226 3920 Apborisma'
1248 3838 1281 3895 et

134 3937 294 4000 Hmniliae
310 3936 477 4001 notissima
493 3938 631 4002 fuerunt.
676 3940 805 4004 Primus
820 3938 876 4002 ille
892 3937 1106 4022 Aphorismus
1121 3937 1162 4000 ad
1185 3936 1280 4000 ratio·

135 4057 207 4102 nem
239 4037 387 4120 pertinet,
411 4059 475 4120 qua
506 4037 651 4102 homines
683 4060 732 4103 res
764 4045 966 4124 cognoscant,
993 4044 1090 4121 atque
1121 4036 1281 4121 imprimis

135 4140 330 4226 cognitiones
368 4141 508 4205 extemis
546 4142 692 4206 sensibus
727 4143 851 4207 debitas
886 4143 955 4227 (ri¹
974 4141 1123 4224 αἰσθητά)
1158 4142 1198 4206 ab
1233 4141 1279 4205 eis

170 4368 178 4398 ¹
191 4366 234 4421 ur.
249 4370 290 4422 15.

138 4503 141 4510 .
170 4453 244 4509 ²Hic
255 4456 399 4525 corruptela
418 4457 483 4511 latet
502 4473 580 4526 quam
599 4457 708 4512 editores
720 4458 764 4512 alii
783 4457 834 4512 alia
854 4459 953 4512 ratione
965 4458 1101 4514 emendare
1113 4458 1275 4513 studuerunt.

128 4540 214 4610 Busil.
225 4542 316 4616 γνίιμγ
328 4545 371 4616 σῇς
384 4545 498 4602 charta.
514 4544 603 4616 γνίιμη
617 4546 643 4618 ᾗ;
656 4547 748 4602 Kuhn.
763 4545 852 4616 γνίιμγ
866 4544 893 4616 ᾗ;
906 4546 968 4601 Post
982 4547 1054 4612 ὅπως,
1067 4546 1108 4618 ἔσῃ
1120 4547 1282 4601 scribendum

138 4636 187 4696 ast;
206 4633 227 4685 si
240 4631 269 4704 σῇ
281 4631 323 4703 ἔσῃ
335 4633 469 4687 scribimus
482 4634 557 4688 facile
569 4640 677 4705 apparet
689 4651 740 4704 quo
753 4636 827 4689 modo
840 4635 882 4706 ἔσῃ
895 4636 1025 4690 exciderit.
