3018 5058
727 427 745 486 5

202 599 258 680 (2.)
278 597 411 685 Κριτίας
422 596 518 663 δὲκαὶ
531 597 726 678 Θουκυδίδης
738 599 796 663 οὐκ
805 600 993 682 ἀγνοοῦνται
1005 597 1042 664 τὸ
1052 597 1306 682 μεγαλὺγνωμον

158 700 211 764 καὶ
223 701 281 782 τὴν
293 706 396 788 ὀφρὺν
407 701 483 789 παρ’
496 701 595 767 αὑτοῦ
610 707 661 786 (se.
677 701 826 788 Γοργίου)
840 701 1034 786 κεκτημένοι,
1045 728 1128 785 μετα
1142 706 1307 773 ποιοῦντες

159 803 183 868 δ’
207 803 286 869 αὑτὸ
307 805 338 875 ἐς
359 805 395 871 τὸ
415 805 531 872 οἰκεῖον
553 804 569 870 ὁ
589 807 648 889 μὲν
670 806 724 872 ὑπ’
747 807 944 890 εὐγλωττίας
966 804 982 870 6
1006 806 1032 871 δ’
1057 805 1120 871 ὑπὸ
1144 806 1306 893 ῥώμης.-

951 914 1078 976 Ρίιίίοςί.
1095 913 1193 995 Epist.
1211 913 1260 975 73,

202 1032 259 1112 (3.)
281 1030 377 1101 ὅσους
406 1030 514 1114 μέντοι
544 1031 661 1118 έχομεν
691 1031 745 1096 ἐπὶ
775 1031 811 1098 τὸ
842 1031 1064 1098 παλαιότατον
1095 1030 1305 1119 ἀναφέροντες

158 1133 442 1216 ἀπομνημονεῦσαι
464 1135 523 1216 τὴν
539 1135 623 1201 ἰδέαν
639 1140 702 1202 τῶν
717 1135 826 1219 λόγων
841 1134 961 1218 ταύτην
979 1135 1306 1225 μεταχειρισαμένους

156 1239 285 1309 τούτους
308 1239 394 1326 εὕροι
416 1266 464 1309 τις
487 1239 527 1304 ἂν
550 1241 813 1321 ἐπιβεβληκότας
828 1239 1034 1325 Ἀντιφῶντι,
1050 1239 1223 1327 πρεσβύτῃ
1244 1239 1304 1321 ἤδη

157 1341 233 1415 ὅντι,
250 1343 316 1408 οἷον
333 1342 549 1425 Ἀλκιβιάδην
573 1344 712 1432 Κριτίαν
735 1344 863 1410 Λυσίαν
880 1344 1304 1433 Ἀρχῖνον.-Ρ.ςκιιάο-Ρίιιί.

166 1448 225 1512 Vit.
243 1449 377 1532 Ακίίρίι.

193 1639 248 1700 IV.
274 1640 362 1716 Qun)
386 1641 603 1703 ΕΜΡκοοεκυε
626 1657 665 1703 ET
689 1639 825 1704 Osslms
848 1641 900 1702 DE
924 1643 1040 1702 ANIMA
1065 1641 1281 1704 Ουκειιοωντ.

202 1775 356 1859 (1.)’ὅσοι
387 1776 444 1858 μὲν
472 1776 526 1842 οὑν
553 1776 607 1841 ἐπὶ
632 1775 668 1842 τὸ
691 1777 848 1842 κινεῖσθαι
871 1775 907 1841 τὸ
930 1775 1083 1864 ἔμψυχον
1106 1774 1308 1863 ἀπέβλεψαν

157 1878 246 1945 οὑτοι
269 1880 306 1944 τὸ
329 1881 577 1961 κινητικώτατον
600 1881 770 1960 ὑπέλαβον
792 1885 850 1960 τὴν
872 1879 998 1968 ψυχήν
1043 1879 1114 1944 ὅσοι
1137 1878 1172 1944 δέ
1193 1880 1250 1945 ε’πῑ
1271 1878 1307 1944 τὸ

157 1987 328 2065 γινώσκειν
354 1985 409 2050 καὶ
440 1986 476 2050 τὸ
507 1985 721 2051 αἰσθάνεσθαι
751 1989 814 2050 τῶν
840 1985 942 2050 ὄντων
967 1982 1055 2048 οὗτοι
1085 1982 1218 2067 λέγουσι
1248 1985 1308 2065 τὴν

159 2087 276 2177 ψυχὴν
299 2088 355 2160 τὰς
378 2087 483 2176 ἀρχὰς
506 2088 536 2154 οἱ
557 2089 615 2172 μὲν
637 2089 769 2160 πλείους
792 2093 964 2162 ποιοῦντες,
981 2087 1011 2152 οἱ
1033 2086 1067 2152 δὲ
1088 2086 1166 2170 μίαν
1188 2087 1308 2168 ταύτην

159 2190 271 2279 ὥσπερ
289 2191 512 2276 Ἐμπεδοκλῆς
534 2193 592 2275 μὲν
613 2194 649 2258 ἐκ
671 2198 734 2259 τῶν
757 2190 917 2281 στοχείων
940 2193 1073 2258 πάντων
1095 2191 1175 2268 εἶναι
1197 2192 1231 2257 δὲ
1253 2191 1308 2258 καὶ

157 2297 295 2362 ἕκαστον
310 2297 427 2386 ψυχὴν
442 2297 747 2362 τούτων-Ανίςίοί.
765 2299 810 2360 De
825 2299 947 2360 Anima
964 2297 988 2359 I.
1006 2299 1034 2372 2,
1052 2300 1078 2360 6.

201 2419 259 2500 (2.)
283 2416 384 2503 ἕτεροι
411 2417 437 2481 δ’
465 2417 546 2500 αἷμα
573 2424 627 2502 (se.
652 2417 710 2499 την
735 2416 852 2506 ψυχὴν
878 2415 957 2482 εἶναι
982 2416 1131 2500 λέγουσι)
1158 2417 1305 2505 καθάπερ

159 2519 296 2606 Κριτίας
326 2521 362 2586 τὸ
392 2522 607 2587 άισθάνεσθαι
636 2527 750 2611 ψυχῆς
780 2520 974 2586 οἰκειότατον
1008 2521 1304 2604 ὑπολαμβάνοντες.

800 2627 977 2688 -Ανίτίοί,
995 2648 1039 2711 ορ.
1057 2628 1104 2688 cit.
1123 2627 1147 2688 I.
1167 2628 1194 2700 2,
1212 2627 1260 2690 19.

199 2746 255 2829 (3.)
291 2745 308 2811 ὁ
335 2745 369 2811 δὲ
395 2746 431 2812 τὸ
457 2747 538 2830 αίμα
564 2746 622 2829 τὴν
648 2747 764 2835 φυχὴν
791 2748 917 2828 θέμενος
946 2746 1083 2833 Κριτίας
1110 2747 1172 2812 εἴτε
1199 2747 1215 2812 ὁ
1240 2750 1304 2813 τῶν

155 2852 329 2938 τριάκοντα
344 2852 508 2936 γενόμενος
524 2853 567 2923 εἶς
582 2853 644 2918 εἴτε
660 2851 821 2938 σοφιστής
836 2879 884 2922 τις
899 2851 989 2917 οὐδὲν
1004 2853 1079 2934 ἡμῖν
1094 2851 1216 2917 διοίσει.
1262 2852 1305 2922 εἰς

154 2959 251 3020 τοῦτο
268 2955 301 3020 δὲ
317 2956 495 3045 ὑπεφέρετο
511 2956 563 3022 διὰ
578 2956 614 3023 τὸ
629 2956 671 3022 τὰ
687 2957 719 3022 ἐν
734 2957 809 3038 ἡμῖν
820 2955 940 3039 άναιμα
956 2955 1022 3021 οίον
1034 2955 1075 3020 τὰ
1090 2955 1173 3022 ὅστᾶ
1188 2955 1304 3022 ἀναίσ-

153 3059 238 3138 θητα
254 3056 566 3147 ὁρᾶν-θίνιρίιοίαο
588 3065 631 3124 αθ
654 3062 703 3125 loc.

199 3181 256 3263 (4.)
285 3181 423 3268 Κριτίαν
449 3181 497 3248 ἔτι
523 3181 578 3248 τὸν
609 3185 662 3248 ἕνα
688 3186 751 3246 τῶν
773 3181 945 3267 τριάκοντα
972 3179 1005 3250 ὑς
1032 3181 1086 3246 καὶ
1113 3175 1305 3270 Σωκράτους

153 3282 342 3369 ἠκροάσατο
367 3284 388 3366 ἢ
414 3284 469 3350 καὶ
494 3285 598 3352 άλλον
625 3283 696 3351 τινὰ
721 3284 820 3369 λέγει·
874 3284 963 3350 οὐδὲν
988 3283 1051 3373 γὰρ
1079 3284 1304 3372 διαφερόμεθα·

154 3387 242 3474 φασὶ
265 3387 298 3453 δὲ
320 3389 374 3454 καὶ
397 3389 535 3477 Κριτίαν
556 3389 719 3473 γεγονέναι
747 3389 919 3476 σοφιστὴν,
942 3389 979 3455 οὑ
1002 3390 1056 3455 καὶ
1083 3391 1124 3455 τὰ
1147 3390 1306 3479 φερόμενα

155 3495 373 3579 σνγγράματα
396 3492 475 3560 εἶναι
490 3495 531 3564 ὡς
546 3493 758 3581 Ἀλέξανδρος
780 3497 877 3578 λέγει·
900 3495 956 3561 τὸν
970 3493 1033 3582 γάρ
1056 3500 1119 3562 τῶν
1134 3495 1306 3583 τριάκοντα

153 3597 237 3680 μηδὲ
251 3597 446 3686 γεγραφέναι
461 3598 547 3664 ἄλλο
571 3625 612 3682 τι,
630 3597 718 3679 πλὴν
732 3604 898 3668 πολιτείας
917 3598 1098 3686 ἐμμέτρους·
1144 3600 1235 3670 οὗτος
1251 3600 1306 3664 οὑν

153 3700 215 3781 τὴν
242 3701 358 3789 φνχὴν
388 3701 497 3788 έλεγεν
523 3701 603 3785 αἷμα
633 3703 721 3769 εἶναι·
767 3703 858 3786 Αίμα
883 3702 946 3790 γάρ
975 3704 1101 3789 (φησὶν)
1128 3704 1306 3792 ἀνθρώποις

151 3806 364 3894 περικάρδιόν
394 3806 465 3872 έστι
496 3806 607 3888 νόημα.
667 3813 761 3873 τοῦτο
792 3807 835 3893 δὲ,
867 3808 937 3873 ἐπει
967 3807 1005 3888 δη
1035 3807 1093 3890 τὴν
1123 3808 1239 3896 ψυχὴν
1268 3807 1306 3874 τδ

153 3908 372 3977 αἰσθάνεσθαι
409 3911 666 3999 ἐχαρακτήριζεν·
726 3912 907 3992 ἀναίσθητα
942 3911 975 3976 δὲ
1008 3911 1059 3982 τὰ,
1087 3911 1206 3994 άναιμα
1244 3918 1307 3978 τῶν

154 4019 288 4100 μορίων,
322 4019 441 4102 τρίχες,
475 4012 568 4099 ὀστᾶ,
605 4014 716 4101 ὄνυχες
754 4013 808 4079 καὶ
844 4013 886 4080 τὰ
923 4018 1066 4080 τοιαῦτα·
1126 4014 1211 4080 ὥστε
1251 4021 1307 4097 τῆς

153 4116 342 4199 αἰσθήσεως
357 4119 460 4184 αἴτιον
475 4116 512 4183 τὸ
527 4118 618 4200 αἷμα·
643 4121 661 4201 ἡ
674 4118 707 4183 δὲ
722 4119 874 4201 αἴσθησις
889 4123 1003 4206 ψυχῆς
1016 4119 1307 4184 ἴδιον-θαλαττίοις

154 4223 351 4306 ΡΙιίίοροκτις
365 4226 408 4286 αθ
424 4225 474 4287 loc.
491 4225 540 4287 cit.

204 4345 258 4428 (5.)
282 4348 346 4410 τῶν
362 4343 395 4408 δὲ
411 4343 658 4432 φορτικωτέραν
674 4343 727 4409 καὶ
743 4343 828 4432 ὕδωρ
840 4372 921 4415 τινες
938 4345 1148 4431 ἀπεφήσαντο
1161 4346 1308 4434 καθάπερ

153 4455 304 4522 Ἵππων·
360 4483 367 4498 ·
413 4483 419 4498 ·
467 4483 475 4499 ·
521 4456 575 4522 καὶ
598 4456 661 4545 γὰρ
683 4457 811 4545 ἐλεγχει
835 4457 908 4528 τοὺς
931 4459 1011 4541 αἷμα
1037 4461 1224 4546 φάσκοντας
1251 4460 1308 4542 τήν

155 4571 459 4658 ψυχήν-Ατίςίοί,
478 4593 522 4657 ορ.
540 4574 589 4634 cit.
607 4573 631 4633 Ι.
650 4573 739 4645 2,18.
