3018 5058
683 416 722 477 21

129 589 309 654 adversario
338 589 416 654 haee
446 597 587 674 urgente,
620 588 802 672 Xenophon
832 609 869 652 eo
900 587 1044 671 confugit
1074 591 1111 650 nt
1147 591 1276 670 negaret

131 693 266 758 Critiam
281 700 314 758 et
336 693 538 758 Alcibiadem
563 693 702 758 Socratis
726 692 900 776 discipulos
915 712 1058 776 unquam
1074 691 1190 755 fuisse:
1212 711 1276 774 qua

129 797 164 860 in
178 817 212 861 re
224 798 377 862 causidici
390 796 498 861 callidi
511 818 642 861 munere
654 799 795 873 functus,
807 797 903 860 fidem
915 797 1057 880 projecit,
1070 815 1168 879 quam
1184 797 1275 859 testis

129 901 272 966 sincerus
304 901 407 965 babet.
465 901 556 965 Idem
579 909 747 986 propterea
777 902 812 964 in
835 901 1049 984 suspicionem
1073 900 1159 964 cadit
1187 900 1275 983 quod

128 1025 254 1089 semper
269 1006 308 1069 de
325 1006 426 1070 Critia
441 1013 474 1070 et
496 1006 665 1070 Alcibiade
680 1007 877 1088 conjunctim
901 1006 1053 1088 disputat,
1071 1004 1275 1088 scriptorum·

128 1130 200 1192 que,
213 1130 295 1193 quae
310 1108 399 1174 illius
414 1110 580 1194 ingenium
597 1111 638 1172 ab
653 1109 750 1192 hujus
765 1115 874 1192 aperte
890 1109 1103 1192 distinguunt,
1114 1127 1274 1190 nusquam

128 1213 325 1278 mentionem
342 1214 427 1278 facit.
474 1214 563 1291 Quae
579 1235 652 1278 cum
668 1214 714 1277 ita
738 1214 804 1278 sint
826 1213 908 1277 mihi
930 1213 1209 1297 persuasissimum
1226 1219 1274 1277 est

126 1317 297 1382 Platonem
321 1319 356 1381 in
378 1319 526 1383 omnibus
542 1339 624 1402 quae
647 1318 687 1382 ad
712 1320 874 1384 Socratem
897 1324 930 1382 et
953 1318 1087 1383 Critiam
1104 1318 1274 1402 pertinent,

126 1417 243 1486 testem
260 1422 474 1506 Xenophonte
490 1423 592 1487 multo
607 1423 846 1507 locupletiorem
862 1443 937 1487 esse.

174 1544 299 1621 Quibus
314 1544 449 1628 cognitis
470 1546 539 1627 ejus
562 1545 783 1608 testimonium
808 1544 917 1628 paullo
940 1543 1120 1608 accuratius
1143 1544 1273 1628 inspici-

126 1668 227 1712 amus.
273 1649 403 1712 Praeter
428 1651 592 1735 Etpastum,
615 1650 672 1733 qui
700 1649 846 1713 omnium
870 1649 934 1712 fere
962 1667 1119 1712 consensu
1146 1647 1274 1712 Platoni

125 1752 337 1835 abjudicatur,
360 1761 512 1836 quattuor
535 1760 665 1818 exstant
687 1755 814 1838 dialogi,
838 1754 872 1817 in
896 1755 1013 1838 quibus
1038 1754 1155 1818 Critias
1181 1754 1273 1817 nobis

125 1857 499 1935 occurrit-Cburuu'des,
515 1859 710 1942 Protagoras,
730 1860 882 1936 Timaeus,
900 1860 1023 1923 Critias.
1070 1860 1145 1922 Non
1168 1859 1273 1923 neseio

133 1962 341 2027 Charmidem
351 1985 477 2047 quoque
491 1965 711 2048 impugnatam
723 1985 803 2028 esse:
820 1965 865 2028 eis
875 1971 982 2028 temen
993 1964 1148 2028 assentior
1158 1963 1275 2047 quibua

128 2067 234 2151 placet
255 2066 343 2130 hunc
358 2066 519 2152 dialogum
543 2069 718 2150 genuinum
735 2073 822 2132 esse¹
866 2067 1013 2152 Nequeo
1033 2069 1155 2132 Timaeo
1171 2087 1273 2151 neque

126 2191 143 2234 e
162 2169 266 2234 Critiu
282 2169 429 2254 colligere
445 2191 614 2254 possumus
630 2192 694 2254 quo
710 2177 852 2255 ternpore
869 2180 901 2235 et
924 2191 987 2254 qua
1011 2172 1133 2235 ratione
1158 2170 1273 2234 Critias

27 2341 36 2360 ‚
126 2274 265 2338 Socratis
293 2273 463 2357 disciplina
490 2296 567 2339 usus
594 2277 646 2350 sit,
673 2275 728 2339 sed
759 2295 775 2338 e
805 2275 994 2338 Charmides
1021 2274 1190 2358 prooemio,
1218 2276 1273 2338 ubi

127 2379 274 2442 Socrates
302 2378 455 2442 Potidaea
478 2379 572 2443 modo
595 2399 740 2444 reversus
768 2380 807 2442 ab
835 2379 946 2443 amieis
974 2380 1142 2462 excipitur,
1170 2379 1273 2442 elucet

125 2480 254 2545 Platoni
284 2482 319 2545 in
345 2482 406 2546 hoe
433 2482 557 2567 dialogo
583 2483 811 2547 conscribendo
843 2489 971 2566 tempus
1002 2483 1166 2568 gliscentis
1197 2482 1273 2547 belli

126 2586 390 2670 Peloponnesiaci
420 2588 625 2652 obversatum
655 2609 730 2652 esse.
787 2589 975 2670 Protoporos
1005 2609 1132 2671 quoque
1162 2588 1270 2652 eodem

123 2698 258 2773 spectat,
274 2691 331 2773 qui
354 2689 507 2775 dialogus,
527 2692 675 2774 quamvis
700 2713 811 2756 versus
834 2692 1006 2755 nonnullos
1031 2713 1048 2755 e
1072 2692 1271 2756 Plrerecratis

121 2793 244 2871 fabrile,
260 2800 370 2878 postea
396 2795 489 2859 docta
513 2797 630 2878 petitos
655 2797 826 2872 contineat,
841 2797 876 2859 in
898 2797 1083 2860 universum
1107 2796 1191 2860 idem
1208 2797 1272 2860 fere

118 2906 251 2982 tempus
273 2899 404 2982 respicit
426 2919 463 2963 ae
487 2900 688 2964 Charmidea*
744 2901 855 2964 Partes
878 2908 986 2964 autem
1010 2901 1127 2984 quibus
1154 2900 1271 2965 Critias

119 3003 159 3066 in
176 3002 227 3066 his
243 3001 376 3086 dialogis
393 3003 546 3088 fungitur,
563 3025 626 3067 non
650 3004 847 3068 adulescenti
871 3005 1076 3080 conveniunt,
1092 3004 1148 3068 sed
1172 3005 1271 3089 magis

120 3108 195 3170 viro
207 3106 398 3188 jamdudum
415 3108 675 3191 philosophorum
692 3109 977 3191 disceptationibus
1000 3109 1153 3173 interesse
1169 3109 1270 3172 solito.

117 3209 284 3274 Videlicet
300 3208 412 3292 ἡλικία
423 3218 456 3275 et
471 3209 640 3294 ἐπιμέλεια
654 3212 689 3274 in
703 3211 887 3277 -Cturruida
903 3211 1094 3288 laudantur?
1110 3213 1271 3276 meminit·

118 3334 187 3398 que
202 3311 271 3396 ipse
288 3314 483 3392 Charmides,
498 3316 531 3379 id
548 3316 700 3400 temporis
715 3314 887 3402 μειράκιον,
903 3337 936 3380 se
952 3337 1087 3399 puerum
1105 3316 1223 3380 Critiae
1240 3323 1272 3380 et

119 3419 269 3481 Socrates
285 3415 443 3502 colloquia
459 3418 641 3484 audivisse*
686 3419 792 3483 Simili
808 3420 901 3483 modo
918 3419 1034 3484 Critias
1049 3421 1084 3482 in
1099 3421 1272 3502 Protoporo

118 3519 186 3585 sibi
202 3521 294 3603 quasi
310 3521 464 3584 sermonis
480 3522 591 3585 arbitri
607 3543 725 3586 munus
740 3529 874 3606 arrogat,
891 3522 1049 3605 efficitque
1066 3527 1102 3585 ut
1126 3523 1270 3587 Socrates

117 3631 156 3688 et
187 3623 375 3708 Protagoras
406 3621 656 3709 disputationem
687 3621 857 3710 abruptam
887 3626 1112 3710 redintegrent.
1174 3627 1270 3691 Unde

118 3727 328 3813 perspicuum
352 3734 401 3792 est
423 3729 590 3794 Platonem
614 3730 733 3794 Critiae
756 3751 830 3794 oum
854 3730 981 3794 Socrate
1004 3730 1269 3795 consuetudinem

117 3832 275 3916 usquein
291 3831 481 3897 decennium
497 3841 572 3898 aute
588 3834 709 3899 belluni
724 3834 1031 3917 Peloponnesiacum
1049 3835 1173 3899 referre.

166 3949 311 4016 Multum
334 3957 441 4017 tamen
466 3954 556 4018 abest
578 3963 616 4017 ut
639 3955 731 4017 Plato
759 3955 893 4018 Critianr
916 3956 1075 4020 intereos
1099 3961 1270 4032 recenseat,

116 4057 177 4141 qui
209 4057 348 4121 Socratis
378 4057 556 4141 praeceptis
587 4079 711 4142 semper
740 4057 806 4122 sint
836 4059 1013 4142 obsequuti.
1075 4060 1204 4124 Etenim
1235 4061 1269 4122 in

119 4161 298 4225 Charmide
321 4161 443 4226 Socrati
459 4161 645 4226 adversatus
661 4161 850 4250 coede-ie.
867 4165 1268 4248 sophistes-nuncupatur,

335 4425 341 4452 ¹
355 4421 395 4475 Cf.
408 4421 515 4476 Sebann
529 4421 651 4477 Jatrter.
664 4422 690 4478 d.
704 4423 759 4482 Alc.
775 4424 838 4480 VII.
853 4428 876 4493 1,
890 4429 949 4482 236.

332 4505 392 4565 ²01.
405 4509 568 4580 Protagoras
580 4509 618 4566 ed.
631 4509 745 4582 Sauppe
759 4511 926 4582 Iil'uteituap¹
941 4516 982 4566 10.

333 4601 343 4628 ³
357 4595 463 4651 Clrorm.
478 4601 528 4654 162
542 4599 572 4652 lt.
852 4604 863 4634 ⁴
876 4601 942 4654 Ibid.
959 4603 1009 4659 loe
1022 4601 1053 4659 A.
