3018 5058
749 444 791 508 52

237 613 301 701 §A
325 616 534 698 Perspicuum
557 623 605 680 est
628 615 834 684 Aristotelem
857 617 892 682 iu
915 617 1083 704 Republica
1109 619 1345 684 Atheniensium

194 719 420 785 conscribenda
449 719 718 784 commentatione
757 721 921 805 optimatis
951 722 1118 805 eujusdam
1157 723 1345 807 saepissime

195 845 287 888 usum
304 846 389 890 esse:
404 846 486 908 quae
502 846 551 889 res
564 832 686 890 mentes
702 825 842 890 virorum
855 825 1020 890 doctorum
1036 827 1070 890 in
1084 827 1201 892 Critiae
1213 826 1345 894 Politshs

195 926 300 991 denuo
321 927 467 992 intendit.
514 927 630 1010 Itaque
651 932 821 1012 postquam
844 929 1344 996 Hellerus1etuissenus200n-

188 1031 337 1114 jecerunt
375 1031 508 1096 Critiam
538 1031 723 1096 Aristotelis
758 1039 919 1098 auctorem
951 1033 1058 1110 luisse,
1090 1035 1123 1098 F.
1157 1033 1345 1102 Duemmler
1419 1063 1423 1071 ·

194 1134 386 1217 peculiarem
409 1134 709 1198 commentationem
736 1136 777 1200 ad
804 1135 886 1200 hanc
912 1137 1096 1220 opinionem
1122 1136 1221 1221 justis
1251 1157 1344 1222 argu-

196 1238 313 1302 mentis
340 1237 564 1304 stsbiliendsm
592 1239 818 1323 conscripsitz⁸
848 1262 929 1324 quae
956 1241 1064 1326 paullo
1091 1240 1269 1306 accuratius
1296 1249 1346 1305 est

195 1342 415 1408 examinanda.
460 1342 569 1426 Atque
585 1342 625 1404 ab
640 1342 734 1407 initio
750 1348 916 1426 propterea
938 1343 1065 1408 offendo
1081 1344 1165 1427 quod
1189 1345 1345 1408 Duemm·

194 1447 287 1524 letus,
300 1447 457 1512 Baebium
472 1453 635 1531 sequutus,
643 1447 768 1531 judicia
783 1447 822 1512 de
838 1447 1058 1524 Themistocle,
1072 1448 1198 1525 Cleuas,
1211 1447 1345 1514 Cimone

194 1573 319 1635 -quae
344 1560 380 1616 ut
397 1551 466 1635 jam
489 1551 703 1635 cognovimus,
719 1552 754 1614 in
770 1552 842 1616 aliis
864 1552 955 1616 libris
978 1552 1231 1617 exstabant—ad
1254 1553 1344 1616 Rem-

187 1656 347 1738 publioam
377 1655 616 1720 Ailoooa'easium
646 1655 812 1720 referenda
842 1677 910 1720 esse
940 1655 1121 1722 existimat:
1151 1677 1216 1740 qua
1242 1655 1281 1722 de
1311 1676 1346 1720 re

195 1760 356 1843 superiore
372 1759 604 1826 dissertationis
620 1766 708 1842 parte
724 1760 802 1824 satis
818 1760 1061 1843 disputavimus.

238 1865 370 1928 Summa
379 1863 672 1946 argumentationis,
682 1885 745 1946 qua
755 1864 982 1928 Duemmlerus
992 1863 1175 1928 Aristotelis
1185 1869 1218 1928 et
1228 1861 1347 1930 Critiae

192 1970 311 2052 scripta
326 1974 488 2032 conectere
509 1967 674 2042 studetis
700 1968 814 2033 Solone
831 1974 982 2043 versatur,
999 1976 1032 2034 et
1055 1969 1223 2052 praecipua
1245 1967 1279 2030 in
1298 1967 1346 2031 eis

194 2094 275 2158 quae
298 2072 440 2136 deseris
463 2071 560 2136 alieni
587 2072 771 2138 remissione
798 2070 992 2137 traduntur.4
1037 2072 1168 2136 Etenim
1194 2070 1348 2154 Stagirita

195 2184 308 2250 narrat,
323 2175 447 2242 Solonis
463 2176 589 2252 amicos
602 2176 641 2240 de
657 2176 716 2242 hoc
732 2175 866 2242 consilio
878 2176 1027 2242 certiores
1044 2177 1154 2252 iactos,
1170 2196 1261 2259 agros
1274 2195 1345 2238 sere

194 2281 299 2346 alieno
309 2278 433 2359 emisse;
443 2279 557 2344 deinde
569 2280 693 2345 Solonis
703 2281 951 2365 legibusabusos
962 2279 1348 2365 pecuniamcreditoribus

196 2406 260 2450 non
284 2383 430 2462 solvisse3
459 2384 519 2447 hac
542 2405 580 2448 ex
605 2384 715 2450 fraude
739 2384 870 2448 divitias
893 2406 1003 2477 earum
1025 2384 1169 2469 gentium
1193 2383 1347 2468 originem

198 2489 336 2564 duxisse,
348 2509 430 2572 quae
446 2487 584 2552 Athenis
601 2491 857 2556 παλαιόπλυυτοι
873 2489 1051 2573 appellatae
1068 2495 1157 2552 suut:
1173 2487 1267 2563 idem,
1283 2487 1348 2552 cal-

197 2593 316 2659 umniis
340 2593 543 2676 optimatium
567 2593 752 2676 repudiatis,
768 2602 863 2678 negat
889 2593 1046 2669 Solonem,
1063 2593 1168 2657 virum
1190 2592 1349 2656 honestis·

198 2698 324 2773 simum,
346 2697 386 2760 de
413 2696 516 2780 patria
539 2697 658 2780 optime
681 2697 841 2774 meritum,
865 2697 987 2761 fraudis
1018 2696 1208 2780 participem
1240 2696 1347 2758 luisse.

198 2801 391 2868 Plutarchus
423 2806 538 2876 autem,
562 2821 756 2884 quamquam
787 2821 856 2865 rem
887 2801 922 2862 in
954 2799 1091 2864 eundem
1126 2800 1191 2864 fere
1218 2798 1349 2862 modum

197 2907 304 2982 tradit,
319 2905 397 2968 haec
417 2905 479 2968 tria
502 2905 609 2968 addit:
632 2905 762 2969 nomina
785 2905 910 2969 Solonis
933 2905 1044 2970 amicis
1069 2902 1202 2980 Cononi,
1218 2903 1351 2985 Cliniae,

198 3010 381 3094 Hipponico
405 3009 522 3088 luisse3
554 3029 607 3072 eos
630 3016 759 3093 propter
782 3008 925 3072 fraudem
951 3005 1171 3096 χρεωκοπίδας
1194 3006 1351 3094 apellatos

197 3240 285 3306 frater,
299 3251 346 3289 nec
365 3235 432 3288 filius
451 3233 547 3288 Critiae
564 3234 651 3303 luent,
664 3249 694 3287 ao
706 3232 831 3299 ducimur,
845 3237 876 3286 ut
889 3233 1078 3286 Callaeschrum
1095 3231 1167 3286 illum
1179 3246 1351 3300 agnoscamus

199 3328 243 3396 qui
255 3326 303 3379 hoc
315 3325 371 3394 ipso
380 3328 503 3392 tempore,
515 3322 637 3375 archonte
651 3321 739 3389 Gallia,
750 3322 897 3390 praelectus
908 3322 1001 3374 aerarii
1013 3321 1071 3377 fuit.
1110 3320 1199 3390 Atque
1210 3319 1274 3373 illud
1286 3319 1351 3372 mihi

199 3415 338 3468 maalmam
347 3411 544 3464 admirationem
554 3413 703 3476 commovet,
715 3409 783 3477 quod
796 3409 944 3477 Muellerus,
955 3410 1035 3462 verba
1046 3409 1138 3477 Lysiae
1148 3411 1237 3462 contra
1248 3422 1351 3460 omnem

197 3503 311 3556 codicum
322 3499 501 3552 auctoritatem
512 3497 647 3552 emendare
657 3513 709 3550 non
718 3496 830 3565 dubitat,
841 3502 872 3550 nt
881 3498 957 3551 lectio
966 3497 1099 3560 efficiatur,
1110 3511 1176 3566 quae
1185 3495 1279 3548 rationi
1286 3509 1352 3548 surae

198 3592 292 3645 masat.
325 3587 454 3640 Nimirum
466 3591 544 3654 putat
556 3585 660 3654 Lysiam
675 3588 788 3659 Κριτίαν
797 3585 939 3654 scripsim:
952 3584 1045 3638 deinde
1055 3583 1253 3652 grammaticam
1265 3583 1352 3636 nascio

197 3693 273 3748 quem
280 3673 467 3746 Καλλαίσχρου
471 3673 609 3729 addidisse:
619 3679 709 3744 postea
719 3673 957 3747 Kprrs'arexcldlsse
964 3673 1037 3728 itaut
1043 3673 1156 3742 primum
1162 3673 1352 3742 Καλλιιίηεςον

198 3761 289 3816 delude
316 3758 502 3832 Κάλλαισχρον
526 3757 663 3813 exstiterit.
713 3757 813 3822 Quibus
843 3756 951 3810 mutatis
981 3755 1072 3824 Lysias
1103 3755 1178 3809 testis
1201 3755 1286 3808 iactus
1310 3758 1353 3808 est

200 3847 307 3902 critiam
321 3851 348 3900 et
360 3845 554 3909 Theramenem,
564 3848 595 3896 ut
607 3845 655 3897 sub
664 3847 842 3913 tyrannorum,
850 3843 889 3898 ita
901 3842 949 3896 sub
963 3841 1222 3910 Quadringentorum·
1227 3841 1352 3910 regimine

197 3935 311 3990 aemulos
323 3934 412 3987 fuisse:
426 3933 470 3986 sed
482 3931 643 4001 conjecturae
655 3937 709 3985 tam
718 3931 818 3998 audaci,
828 3947 862 3986 ne
871 3946 923 3984 uno
932 3929 1036 3999 quidem
1044 3933 1197 3998 argumento
1209 3945 1224 3982 e
1234 3928 1351 3982 οοάἰωιιι

199 4024 343 4078 conditione
365 4021 454 4090 petito,
468 4036 515 4088 ego
533 4035 591 4072 vero
610 4019 679 4073 nullo
698 4019 773 4072 modo
794 4019 869 4074 fidem
892 4018 1012 4072 adhihere
1032 4033 1143 4087 possum.
1188 4016 1227 4071 Of.
1240 4015 1300 4084 Lya
1316 4014 1353 4068 Ia

197 4108 330 4165 Eratosth.
344 4112 391 4174 66;
410 4108 436 4162 0.
452 4107 473 4163 I.
487 4107 518 4162 A
535 4111 593 4174 134,
608 4111 671 4170 135;
690 4106 772 4174 Blass,
786 4106 904 4160 Attisahe
922 4103 1127 4173 Beredaumlceit,
1147 4104 1169 4161 1.
1184 4107 1247 4168 atu
1267 4102 1352 4172 Drop-

198 4215 252 4267 seu,
266 4196 348 4251 Rhea.
362 4195 431 4252 Mus.
447 4195 493 4252 IV.
507 4195 600 4264 (1836)
611 4198 672 4248 529.

234 4283 292 4343 ¹01.
317 4285 412 4352 Heller,
440 4281 540 4350 Quibus
564 4281 716 4336 auctoribus
742 4281 895 4336 Aristoteles
917 4281 949 4335 a'u
973 4279 1119 4351 Republica
1143 4276 1354 4333 limatensem

197 4371 383 4428 emucribmdu
396 4388 459 4424 usus
470 4369 513 4439 ait,
527 4387 551 4440 p.
566 4375 609 4426 53.

233 4457 243 4486 ²
255 4461 358 4528 Nissen,
372 4457 453 4514 Ram.
468 4457 537 4514 Mus.
551 4456 666 4514 XLVII.
682 4461 741 4522 196,
755 4463 812 4514 nol.

234 4547 244 4580 ³
255 4548 411 4617 Duemmler,
423 4546 540 4612 Hermes,
553 4545 670 4602 XXVII.
686 4549 744 4603 260.

233 4636 363 4691 ⁴Aristot.
381 4637 423 4692 Aa
440 4647 497 4692 πολ.
512 4641 546 4699 6;
567 4635 634 4690 Plut.
649 4633 739 4702 Solon,
757 4639 796 4690 15.
