3018 5058
704 417 746 490 47

149 591 337 669 διαδικάζειν
362 591 399 660 δι’
426 595 507 659 ὅλου
533 603 589 660 τοῦ
614 597 757 660 ἐνιαυτοῦ
782 595 974 678 explicasse:
995 596 1162 660 Pollucem
1187 603 1294 660 autem

148 697 228 760 haec
238 697 269 760 in
283 698 510 762 Ouoniasticon
521 699 567 761 ita
577 699 829 775 transtulisseut
839 700 880 763 ad
890 721 999 764 vocem
1006 721 1103 782 unam
1110 698 1296 776 διαδικάζειν

147 821 279 864 sensum
295 802 483 866 transferret
506 823 603 885 quem
618 804 845 886 grammaticus
868 803 928 866 toti
945 803 1079 866 dictioni
1094 805 1293 868 attribuerat.

149 905 221 982 Qua
245 907 521 990 argumentatione
545 907 642 970 nixus
665 907 832 971 contendit
857 907 1020 971 Pollucem
1046 929 1064 970 a
1088 910 1296 991 grammatico

148 1009 295 1092 pendere,
331 1011 388 1094 qui
425 1011 558 1075 Critiam
594 1011 960 1095 Pseudo-Xenophontis
996 1011 1098 1076 libelli
1134 1019 1295 1077 auctorem

148 1111 302 1177 laudavit.

195 1235 283 1312 Quae
310 1235 417 1298 omnia
444 1241 481 1297 ut
507 1234 631 1312 callida,
658 1236 704 1298 ita
729 1236 851 1300 incerta
878 1242 960 1300 sunt.
1018 1237 1103 1299 Nam
1136 1237 1296 1320 imprimis

149 1337 232 1400 nihil
248 1359 361 1402 causae
377 1339 532 1403 habemus
545 1360 601 1402 cur
617 1339 742 1403 Polluci
754 1340 850 1403 fidem
861 1339 1079 1404 detrectemus.
1126 1341 1201 1424 Ipse
1213 1340 1299 1406 enim

149 1442 331 1506 Boeckhius
353 1464 416 1506 non
439 1450 533 1527 negat
558 1440 744 1518 διαδικάζειν
759 1444 938 1528 significare
960 1451 1043 1527 “per
1065 1444 1194 1528 aliquod
1220 1453 1300 1509 tem-

148 1546 235 1628 poris
258 1547 399 1629 spatium
423 1547 575 1611 continuo
594 1546 763 1630 judicare.'’
810 1547 959 1612 Ceterum
983 1549 1136 1630 temporis
1158 1550 1298 1632 spatium

149 1670 207 1732 per
230 1651 315 1732 quod
339 1650 473 1714 Heliaea
496 1651 634 1714 Athenis
654 1651 827 1734 judicabat,
849 1673 953 1714 annus
977 1652 1048 1715 suit.
1095 1652 1181 1728 Quid
1203 1653 1301 1736 igitur

151 1754 232 1830 miri,
255 1755 292 1830 si,
320 1763 469 1820 monente
497 1762 647 1818 contextu
673 1757 840 1838 “spatium
866 1757 1019 1838 temporis
1029 1756 1044 1780 ”
1072 1777 1195 1820 annum
1223 1778 1298 1832 esse,

151 1855 337 1935 διαδικάζειν
361 1860 451 1922 illam
475 1859 614 1924 Pollucis
638 1860 904 1943 significationem
927 1860 1107 1943 acquisivit.
1154 1861 1216 1924 Sed
1240 1862 1299 1924 eti-

150 1964 231 2027 amsi
253 1961 418 2027 Pollucem
435 1963 531 2046 hujus
548 1964 660 2028 erroris
675 1963 900 2028 insimulemus
917 1986 982 2027 non
998 1965 1143 2048 sequitur
1159 1965 1299 2028 Pollucis

151 2064 339 2143 διαδικάζειν
356 2089 374 2130 a
390 2067 756 2150 Pseudo-Xenophontis
777 2067 888 2131 libello
905 2088 1066 2132 manasse:
1091 2089 1165 2131 nam
1182 2068 1297 2131 Pollux

118 2204 120 2208 ·
150 2170 270 2234 ibidem
287 2176 378 2234 notat
402 2168 535 2236 Critiam
551 2169 741 2238 ἀποδικάσαι
765 2171 919 2254 peculiari
939 2171 1171 2254 significatione
1187 2193 1300 2255 usurp-

151 2295 229 2349 asse,
244 2273 290 2338 ita
306 2281 342 2338 ut
357 2273 530 2338 verisimile
546 2274 588 2338 sit
605 2272 791 2340 ἀποδικάσαι
805 2284 836 2337 et
853 2271 1039 2349 διαδικάζειν
1055 2275 1165 2338 eodem
1183 2276 1303 2338 Critiae

150 2378 220 2442 loco
244 2384 368 2462 reperta
391 2400 466 2443 esse.
514 2380 597 2442 Casu
621 2379 727 2462 igitur,
743 2378 777 2440 ni
794 2377 895 2454 fallor,
912 2378 1029 2441 accidit
1053 2385 1089 2442 ut
1113 2379 1253 2443 Pollucis
1270 2387 1304 2442 et

151 2482 519 2566 Pseudo-Xenophontis
529 2482 591 2546 loci
601 2483 685 2546 inter
695 2503 728 2545 se
739 2482 928 2565 respondere
939 2481 1115 2545 videantur.
1151 2483 1301 2566 Denique

152 2587 310 2670 Bergkius
320 2586 496 2651 rectissime
509 2587 635 2650 monuit
646 2586 889 2670 grammaticum
902 2584 1004 2660 illum,
1015 2607 1111 2668 quem
1121 2586 1302 2650 Boeckhius

151 2692 213 2754 sibi
230 2691 332 2768 finxit,
345 2696 460 2755 testem
476 2712 590 2774 parum
604 2690 797 2774 locupletem
814 2711 898 2754 esse:
915 2690 1001 2754 hunc
1018 2691 1152 2753 enimin
1170 2692 1301 2754 modum

152 2817 192 2859 ex
210 2796 364 2860 Boeckhii
379 2796 501 2859 ratione
517 2797 624 2878 potius
641 2794 856 2878 colligendum
872 2814 957 2857 esse:
980 2801 1141 2858 auctorem
1159 2795 1298 2858 Pseudo-

152 2899 376 2982 Xenophontis
409 2899 510 2964 libelli
543 2905 647 2963 aetate
670 2898 963 2984 Alexandrinorum
995 2919 1123 2981 prorsus
1156 2899 1301 2982 ignotum

152 3003 271 3066 luisse:
294 3003 461 3086 plerosque
485 3001 787 3066 commentationem
810 3001 1026 3084 Xenophonti,
1042 3022 1168 3083 paucos
1192 3012 1299 3064 tamen

153 3107 273 3171 Critiae
300 3107 516 3190 adjudicasse:
549 3128 606 3170 nos
633 3112 739 3169 autern
769 3105 851 3167 nihil
881 3126 994 3168 causae
1021 3104 1145 3180 habere,
1173 3126 1229 3168 cur
1254 3106 1304 3170 his

152 3211 306 3292 majorem
328 3210 423 3273 fidem
457 3210 665 3274 adhibeamus
693 3229 789 3292 quam
821 3208 906 3272 illis.1
963 3209 1052 3285 Quae
1075 3229 1148 3272 cum
1171 3209 1216 3272 ita
1239 3211 1305 3274 sint

148 3315 341 3398 jamdudum
364 3314 449 3378 inter
465 3314 548 3377 viros
565 3313 766 3377 doctissimos
782 3317 907 3376 constat
931 3311 1129 3376 Boeckhium
1144 3313 1179 3376 in
1196 3313 1255 3377 hac
1271 3335 1303 3377 re

152 3439 280 3484 errasse.

198 3529 263 3617 §h
288 3530 431 3614 Helbigii
465 3529 699 3612 Schmidtiique
725 3528 1019 3604 commentationes,
1046 3529 1122 3611 quia
1149 3529 1232 3591 nihil
1262 3530 1301 3594 de

154 3635 256 3699 Critia
283 3635 459 3709 continent,
487 3635 660 3717 praeterire
687 3633 762 3695 licet
788 3641 821 3696 et
850 3633 1003 3696 continuo
1030 3633 1070 3696 ad
1097 3655 1134 3696 ea
1160 3635 1302 3710 transire,

153 3761 236 3824 quae
270 3739 556 3822 Mulier-Strobing
579 3739 617 3802 de
650 3737 1005 3820 Pseudo-Xenophonte
1028 3737 1184 3801 disseruit.
1240 3739 1304 3815 Qui

154 3863 350 3926 quamquam
386 3841 629 3924 Rempublicam
666 3840 924 3915 Atheniensium,
960 3860 1041 3921 quae
1077 3839 1300 3922 Xenophontis

155 3951 262 4021 l'ertur,
280 3946 398 4010 Critiae
414 3967 540 4028 prorsus
564 3945 734 4027 abjudicat,
751 3944 885 4007 Critiam
908 3950 940 4006 et
964 3943 1300 4026 Pseudo-Xenophon-

154 4059 221 4115 tem
245 4051 307 4113 alia
333 4050 454 4114 ratione
478 4061 641 4112 conectere
669 4047 794 4125 studet;
827 4068 902 4110 nam
928 4048 989 4110 sibi
1015 4048 1175 4130 persuasit
1201 4049 1298 4113 duces

155 4156 368 4218 hetaeriarum
402 4175 485 4215 anno
517 4154 580 4215 415
613 4175 637 4216 a.
670 4153 740 4216 Chr.
773 4153 856 4214 circa
887 4152 1007 4234 Magna
1038 4151 1196 4234 Dionysia
1228 4174 1301 4216 con-

156 4259 289 4333 venisse,
302 4266 339 4319 ut
355 4258 393 4320 de
409 4257 583 4320 Alcibiadis
596 4256 738 4319 consiliis
751 4264 782 4318 et
799 4255 880 4318 bello
898 4255 1056 4318 Siciliensi
1072 4255 1301 4337 deliberarent;

155 4361 584 4444 Pseudo-Xenophontisque
618 4360 764 4423 libellum
799 4380 958 4422 summam
988 4379 1056 4421 esse
1086 4359 1237 4424 orationis
1268 4361 1302 4426 id

619 4603 625 4631 ¹
640 4599 731 4670 Bergk.
746 4597 792 4653 loc.
806 4598 849 4656 cit.
