3018 5058
791 437 808 496 6

265 604 321 686 (6.)
344 604 498 674 ὡσαύτως
521 605 554 669 δὲ
576 615 663 688 λεγει
679 608 733 690 (sc.
752 606 989 693 Ἐμπεδοκλῆς)
1006 609 1060 674 καὶ
1082 611 1157 698 περὶ
1180 613 1366 700 φρονήσεως

220 706 275 769 καὶ
297 707 436 789 ἀγνοίας·
480 709 516 775 τὸ
538 708 674 797 μὲνγὰρ
691 715 817 798 φρονεῖν
832 710 913 778 εἶναι
935 719 1000 784 τοῖς
1017 712 1137 796 ὁμοίοις
1152 716 1188 782 τὸ
1204 717 1231 781 δ’
1244 719 1369 800 ἀγνοεῖν

220 814 287 880 τοῖς
310 811 489 898 ἀνομοίοις,
505 813 547 883 ὡς
561 812 581 896 ῆ
597 813 749 897 τοῦτονῆ
765 816 1001 904 παραπλήσιον
1023 817 1059 884 ὂν
1081 822 1120 904 τῇ
1136 819 1288 903 αἰσθήσει
1310 820 1369 903 τῆν

221 913 385 1000 φρόνησιν·
419 915 708 1004 διαριθμησάμενος
722 919 786 1008 γὰρ
801 921 844 991 ὡς
865 920 1002 988 ἕκαστον
1018 923 1144 1008 ἑκάστῳ
1167 927 1368 1012 γνωρίζομεν,

220 1017 273 1084 ε’τὶ
288 1018 373 1086 τέλει
388 1022 589 1110 προσέθηκεν
600 1024 642 1095 ὡς
655 1025 690 1090 ε’κ
701 1025 824 1091 τούτων
835 1027 945 1092 πάντα
955 1028 1151 1114 πεπήγασιν,
1165 1029 1369 1118 ἁρμοσθέντα

220 1123 274 1187 καὶ
298 1125 421 1196 τούτοις
445 1127 618 1214 φρονέουσι
647 1129 702 1194 καὶ
728 1129 860 1196 ἅδονται
889 1131 917 1197 τ’
946 1134 1109 1198 ἀνίωντοι.
1168 1133 1216 1200 διὸ
1243 1135 1297 1199 καὶ
1322 1137 1366 1221 τςῖ

220 1227 333 1309 αἵματι
347 1230 495 1313 μάλιστα
511 1236 646 1320 φρονεῖν·
693 1233 844 1320 ἐντούτῳ
860 1235 923 1324 γὰρ
938 1236 1089 1319 μάλιστα
1104 1238 1282 1324 κεκρᾶσθαι
1297 1238 1368 1302 ε’στι

220 1332 262 1396 τὰ
276 1341 425 1422 στοιχεῖα
440 1339 504 1402 τῶν
517 1340 876 1426 μερῶν.-ΤΙιοορΙινοοι.
896 1342 939 1404 De
958 1342 1042 1406 Sans.
1061 1343 1103 1404 ll.
1123 1345 1172 1406 10.

263 1473 321 1556 (7.)
337 1475 418 1558 αἷμά
442 1480 525 1561 φησι
547 1475 626 1542 εἶναι
649 1482 707 1559 τῆν
721 1477 839 1566 ψυχὴν
854 1479 896 1549 ὡς
911 1477 1135 1562 Ἐμπεδοκλῆς
1150 1478 1205 1544 καὶ
1222 1479 1366 1568 Κριτίας.

814 1591 964 1654 -Gulera
984 1591 1045 1674 (cd.
1062 1591 1179 1674 Kiibn)
1196 1592 1233 1654 V.
1252 1594 1322 1656 283.

265 1753 321 1835 (8.)
346 1753 438 1816 Plato
469 1754 547 1820 dicit
577 1755 717 1818 animam
752 1756 923 1818 essentiam
960 1777 993 1819 se
1028 1762 1211 1820 moventem
1255 1806 1263 1821 .
1306 1806 1314 1822 .
1359 1806 1367 1821 .

221 1856 427 1939 Empedocles
455 1868 487 1922 et
515 1859 630 1922 Critias
657 1860 854 1943 sanguinem.
901 1861 1033 1924 Macrob.
1057 1860 1098 1924 Ιιι
1125 1862 1226 1925 Soura.
1243 1862 1323 1944 b'cip
1342 1861 1367 1925 l.

222 1960 280 2036 14„
297 1961 345 2023 20.

267 2125 319 2208 (9.)
345 2127 415 2190 Nec
438 2127 511 2191 illos
532 2127 614 2191 solos
635 2127 705 2191 dico
724 2129 780 2210 qui
796 2149 866 2192 cam
884 2128 938 2212 (sc.
956 2129 1110 2212 animam)
1127 2128 1165 2192 de
1187 2129 1367 2192 manifestis
1431 2189 1440 2202 ,

222 2229 436 2312 corporalibus
458 2231 621 2314 effingunt,
638 2238 675 2294 ut
693 2232 901 2315 Hipparchus
921 2239 954 2296 et
975 2233 1158 2296 Heraclitus
1179 2254 1217 2296 ex
1240 2234 1314 2316 igni,
1331 2245 1368 2295 ut

223 2332 354 2415 Hippon
380 2341 412 2396 et
432 2331 551 2397 Thales
576 2355 615 2397 ex
637 2356 728 2417 aqua,
745 2343 781 2396 ut
808 2335 1015 2418 Empedocles
1041 2344 1073 2398 et
1094 2336 1209 2398 Critias
1234 2357 1273 2399 ex
1295 2357 1366 2400 san·

218 2435 496 2519 guina-Tertull.
513 2437 560 2500 Dc
574 2438 697 2501 Ακιιιιο
715 2440 740 2500 5.

264 2601 340 2683 (10.)
376 2601 436 2664 Ille
465 2623 573 2665 versus
602 2601 721 2684 Orphei
749 2602 799 2664 vel
831 2601 1034 2684 Empedoclis
1064 2603 1212 2685 Namque
1243 2603 1366 2667 homini

219 2705 348 2787 sanguis
363 2705 630 2768 circumcordialis
647 2714 695 2769 ost
711 2726 875 2768 sensus—
882 2704 1008 2769 Tertull.
1023 2704 1070 2768 De
1085 2707 1208 2768 Αιιιιιιιι
1226 2708 1273 2770 15,

264 2868 340 2950 (11.)
368 2869 588 2951 Ἐμπεδοκλῆς
608 2895 643 2933 τε
658 2869 742 2935 οὕτω
764 2870 920 2957 φαίνεται,
937 2869 978 2940 ὡς
994 2868 1129 2956 ὀργάνου
1143 2869 1221 2957 πρὸς
1236 2868 1368 2937 σύνεσιν

219 2975 276 3036 τοῦ
291 2972 426 3054 αἵματος
441 2973 538 3050 ὄντος,
553 2972 659 3056 λέγειν

349 3129 483 3212 αἵματος
498 3130 531 3195 ε’ν
546 3133 730 3212 πελάγεσσι
745 3128 945 3217 τεθραμμένη
962 3127 1182 3217 ἀντιθόροντος

349 3247 388 3325 τῇ
405 3270 439 3307 τε
455 3244 558 3326 νόημα
572 3247 720 3326 μάλιστα
735 3246 945 3308 κνκλῖσκεται
961 3242 1187 3329 ἀνθρώποισιν·

350 3346 431 3428 αἷμα
444 3346 508 3435 γὰρ
525 3348 704 3434 ἀνθρώποις
719 3346 924 3435 περικὰρδιόν
940 3341 1012 3411 ἔστι
1027 3346 1138 3429 νόημα.

632 3454 826 3535 -ΡονρΙιην,
844 3453 930 3534 apud
945 3453 1023 3515 Stet.
1040 3453 1103 3514 Il'cl.
1121 3453 1209 3534 Phys
1229 3453 1320 3515 1026.

264 3606 343 3688 (12.)
366 3607 575 3690 Empedocles
590 3608 800 3691 principalem
817 3607 941 3670 animae
958 3607 1023 3668 vim
1040 3609 1208 3670 constituit
1223 3609 1257 3669 in
1273 3609 1366 3672 corde

219 3711 265 3774 sic
281 3711 398 3787 dicens,
413 3712 568 3795 sanguine
583 3711 686 3775 cordis
703 3712 788 3774 enim
811 3719 918 3774 noster
933 3711 1020 3794 viget
1034 3710 1366 3774 intellectus—Cleol-

217 3817 324 3878 ce'dius.
344 3816 454 3879 Comm.
471 3819 520 3879 ad.
540 3816 700 3879 Timaeum
715 3835 744 3898 p.
763 3817 833 3879 305.

570 4009 607 4071 V.
633 4009 684 4070 Dr
709 4009 825 4072 cmm
848 4007 1011 4070 Onlross.

263 4147 320 4230 (1.)
333 4147 420 4210 Huic
431 4147 528 4210 aetati
537 4167 689 4229 suppares
700 4143 1366 4227 Alcibiades,Oritias‚Theramenesquibus

219 4259 416 4342 temporibus
437 4259 522 4342 quod
545 4258 673 4322 dicendi
693 4279 793 4342 genus
813 4257 949 4340 viguerit
966 4278 1003 4320 ex
1027 4255 1208 4338 Thucydidi
1228 4258 1366 4340 scriptis

219 4372 275 4455 qui
291 4374 358 4455 ipse
375 4381 442 4434 turn
462 4373 533 4448 luit,
549 4373 693 4456 intellegi
709 4373 849 4435 mraxime
866 4377 984 4454 potest:
1004 4369 1139 4453 grandes
1155 4377 1245 4433 erant
1261 4371 1367 4436 verbis

218 4486 319 4548 crebri
343 4488 519 4562 sententiis,
536 4487 769 4569 compressione
790 4505 895 4548 rerum
918 4485 1039 4558 breves,
1054 4491 1086 4546 et
1107 4484 1147 4546 ob
1168 4504 1236 4546 eam
1261 4484 1365 4566 ipsam

216 4619 342 4662 causam
358 4599 519 4662 interdum
536 4599 841 4664 subobscuri—Cic.
858 4599 947 4659 Brut.
967 4595 988 4681 ᾗ
1006 4598 1053 4658 29.
