3018 5058
625 439 844 532 ,¹44

250 615 472 698 unusquisque
497 617 536 681 de
563 617 656 681 rebus
681 635 739 678 suo
763 614 891 697 ingenio
916 614 999 697 aptis
1025 610 1164 678 disserat.
1223 613 1316 692 Quod
1341 613 1388 678 hic

251 720 377 801 majoris
394 726 442 783 est
465 722 620 785 momenti
636 720 789 803 quoniam
812 719 929 782 Critias
946 719 1051 782 verbis
1067 718 1223 801 expressis
1248 718 1390 782 laudatur

249 827 403 905 tanquam
416 845 530 902 rerum,
543 825 670 907 quaein
688 823 811 886 Timaeo
824 831 856 886 et
878 821 980 886 Critiu
992 823 1154 906 agitantur
1166 823 1390 906 peritissimus.l

251 925 320 1002 Quo
343 926 467 1009 judicio
493 928 594 1004 Plato,
617 928 783 1002 rationem,
807 948 870 1010 qua
898 927 1013 990 Critias
1040 925 1271 1009 rempublicam
1297 926 1392 1010 gessit

248 1028 379 1094 laudare
406 1031 538 1095 minime
565 1031 676 1096 voluit.
732 1031 811 1108 Quis
838 1031 923 1095 enirn
951 1030 1059 1094 credat
1085 1048 1160 1094 eum
1186 1037 1390 1114 tyrannorum

249 1135 425 1216 principem
457 1135 658 1222 Reipublicae
688 1136 896 1218 interpretem
928 1134 1154 1198 constituisse?
1208 1131 1317 1197 Multo
1345 1141 1391 1198 est

249 1237 456 1302 verisimilius
475 1237 617 1303 fabulam
639 1235 819 1304 Atlantidis
845 1239 963 1302 Critiae
988 1258 1062 1320 prae
1088 1237 1200 1302 ceteris
1226 1235 1391 1302 Socraticis

248 1347 415 1424 propterea
431 1343 631 1407 commissam
650 1364 727 1419 esse,
743 1340 828 1426 quod
851 1341 984 1406 Politice
999 1341 1067 1424 ejus
1091 1339 1234 1404 Platonis
1258 1341 1390 1426 Reipub-

248 1442 326 1508 licce
343 1446 434 1528 quasi
451 1446 552 1509 facem
570 1447 788 1530 praetulerint.
836 1446 898 1510 Sed
920 1446 955 1508 in
971 1445 1124 1508 memoria
1147 1445 1392 1522 tenendumfest,

247 1548 389 1631 singulas
406 1551 590 1626 sententias,
601 1569 682 1634 quae
694 1551 726 1614 in
747 1551 845 1615 Critiu
859 1551 1072 1633 proferuntur,
1082 1549 1145 1632 ipsi
1157 1547 1284 1612 Platoni
1297 1548 1392 1632 assig-

246 1652 369 1716 nandas
386 1673 471 1718 esse:
495 1675 570 1716 narn
586 1675 659 1719 curn
676 1653 710 1718 in
732 1653 855 1719 linaceo
870 1658 940 1717 turn
956 1652 990 1716 in
1012 1649 1114 1718 Critia
1130 1652 1298 1736 loquentes
1313 1653 1392 1715 meri

247 1756 391 1819 Platonis
413 1757 603 1841 interpretes
627 1765 710 1822 sunt.
758 1756 958 1842 Quapropter
974 1757 1060 1841 quod
1084 1757 1216 1821 materia
1240 1751 1388 1840 dialogis

160 1927 162 1933 ,
246 1860 467 1924 vetustissima
478 1862 727 1927 Atheniensium
744 1862 878 1926 historia
892 1863 994 1946 potita
1010 1867 1066 1938 est,
1078 1860 1154 1924 inde
1166 1881 1231 1924 non
1249 1861 1393 1944 sequitur

248 1962 366 2027 Critiae
379 1961 510 2029 Potitiis
526 1965 565 2028 de
581 1966 830 2049 antiquitatibus
846 1965 1094 2030 Atheniensium
1110 1965 1217 2049 egisse.
1264 1965 1394 2030 Etenim

247 2067 316 2150 ipse
332 2067 426 2131 Plato
442 2069 608 2152 profitetur
624 2091 656 2133 se
672 2069 837 2134 materiem
854 2069 1060 2153 imperfectae
1077 2069 1202 2133 Solonis
1218 2067 1346 2133 fabulae
1361 2078 1395 2134 et

246 2171 447 2234 sacerdotum
474 2173 707 2256 Aegyptiorum
735 2173 933 2237 sermonibus
961 2173 1112 2236 debere:²
1145 2195 1208 2256 qna
1234 2193 1268 2236 re
1297 2173 1393 2237 nixus

247 2272 407 2336 Christius
434 2274 549 2338 statuit
575 2275 754 2339 Atlantidis
781 2275 922 2340 fabulam
949 2275 1103 2360 originem
1131 2297 1149 2339 a
1176 2282 1395 2352 monumenta,

246 2398 330 2440 anno
360 2377 474 2442 salutis
503 2380 596 2455 1868,
624 2381 709 2463 apud
740 2380 780 2442 El
810 2381 945 2444 Karnak
975 2387 1107 2464 reperto,
1135 2378 1287 2444 duxissa³
1332 2379 1395 2443 Sed

246 2488 401 2564 utumque
427 2481 505 2546 haec
532 2504 581 2547 res
608 2505 641 2547 se
667 2483 764 2548 habet
787 2484 870 2546 nihil
892 2504 1005 2548 causae
1033 2492 1081 2547 est
1108 2503 1165 2548 cur
1192 2484 1394 2568 suspicemur

245 2587 411 2649 materiem
427 2586 544 2670 dialogi
560 2609 578 2651 a
596 2587 714 2652 Critiae
730 2587 857 2651 Politils
874 2587 1061 2652 translatam
1078 2607 1152 2652 essa

287 2689 373 2765 Quot
395 2690 542 2754 civitates
566 2691 683 2754 Critias
707 2693 892 2756 tractaverit
914 2711 980 2755 non
995 2692 1105 2776 liquet.
1146 2691 1227 2756 Inda
1244 2713 1263 2756 a
1280 2693 1395 2756 Bachii

242 2793 382 2857 editione
426 2793 572 2877 plerique
617 2795 822 2860 crediderunt
867 2815 941 2860 eum
989 2795 1220 2860 Atheniensem
1266 2815 1395 2881 quoque

242 2897 472 2981 rempublicam
489 2898 639 2982 tetigisse.
681 2899 849 2990 Attamen,
865 2901 914 2964 uti
933 2921 1029 2984 supra
1044 2901 1260 2984 cognovimus,
1277 2903 1336 2966 hoc
1352 2924 1396 2965 ex

243 3002 440 3086 argumentis
456 3020 474 3065 a
490 3002 610 3066 Bachio
626 3003 731 3067 allatis
748 3023 811 3066 non
829 3004 981 3088 sequitur.
1021 3005 1082 3069 Cul
1103 3006 1148 3070 rei
1166 3003 1247 3068 illud
1268 3006 1397 3070 accedit

241 3107 326 3189 quod
344 3128 384 3169 ne
400 3120 465 3169 una
480 3106 609 3194 quidem
627 3109 747 3171 mentio
771 3108 867 3191 hujus
890 3105 992 3172 libelli
1015 3108 1100 3192 apud
1124 3106 1293 3192 scriptores
1308 3111 1396 3174 anti-

239 3231 319 3293 quos
341 3211 515 3293 reperitur:
538 3211 623 3275 unde
646 3211 750 3276 clucet
773 3211 927 3289 libellum,
943 3213 971 3276 si
986 3233 1129 3296 uuquam
1153 3214 1313 3278 exstiterit
1335 3221 1398 3278 aut

239 3335 315 3377 mox
338 3322 410 3397 post
426 3315 543 3378 Critiae
568 3325 702 3380 mortem
726 3317 856 3400 periisse
880 3315 992 3380 autin
1020 3315 1215 3381 oblivionem
1231 3317 1398 3382 cecidisse.

238 3419 406 3482 Praeterea
419 3419 545 3482 etiamsi
557 3439 746 3502 poneremus
760 3420 894 3483 Critiam
907 3419 1140 3506 Rcmpublicum
1155 3416 1397 3486 Atheniensium

239 3522 402 3604 scripsisse
433 3543 472 3585 ex
504 3523 557 3599 eis,
581 3543 662 3605 quae
693 3543 789 3606 supra
819 3523 1064 3606 disputavimus,
1087 3531 1273 3607 sequeretur
1303 3521 1398 3590 hunc

236 3623 383 3688 libellum
414 3625 455 3688 ad
493 3635 670 3690 ceterarum
703 3623 888 3691 Potitiorum
918 3627 1165 3692 similitudinem
1205 3627 1398 3713 philosophi

237 3728 402 3810 ingenium
433 3729 614 3805 redoluisse,
638 3751 741 3814 neque
768 3731 861 3794 tritas
891 3729 964 3795 illas
995 3730 1172 3796 calumnias
1202 3731 1397 3816 amplexum

236 3851 314 3906 esse,
336 3853 415 3914 quas
441 3833 476 3894 in
499 3832 653 3896 Homiliis
674 3835 879 3917 repperimus.
926 3835 1076 3899 Ceterum
1103 3857 1176 3900 curn
1205 3837 1265 3899 viri
1293 3835 1397 3912 docti,

238 3937 385 3999 arbitrati
409 3936 542 4000 Critiam
566 3937 798 4023 Rempublicam
816 3937 1047 4003 Atheniensium
1072 3960 1135 4002 non
1158 3936 1204 4003 ita
1228 3940 1398 4004 diversam

236 4061 254 4102 a
280 4040 644 4124 Pseudo-Xenophontis
664 4049 697 4106 at
721 4042 906 4106 Aristotelis
930 4041 1049 4106 libellis
1074 4043 1245 4127 scripsisse,
1268 4045 1397 4108 multas

273 4271 278 4299 ¹
295 4267 405 4340 Kprriau
418 4264 443 4321 ii
462 4289 511 4322 τον
525 4267 620 4325 πάντες
640 4273 662 4324 ct
679 4267 736 4342 τῇδ’
757 4269 828 4339 ἴσμεν
841 4267 931 4327 οὐδενός
945 4267 1044 4331 ἰδιίντην
1057 4272 1122 4330 ὄντα
1140 4272 1172 4325 ὧν
1184 4271 1304 4342 λέγομεν,
1318 4271 1398 4331 Plat.

240 4354 309 4412 Tine.
324 4359 359 4410 20

270 4448 280 4476 ²
291 4443 361 4512 Ἐγὼ
371 4353 462 4520 {gem
475 4448 592 4504 παλαιὰ
605 4444 719 4512 inunctis
730 4449 809 4514 λόγον
822 4452 850 4504 ci
862 4447 916 4504 rico
929 4443 1017 4515 ciripig
1028 4473 1052 4504 n.
1061 4472 1087 4507 r.
1096 4461 1121 4504 λ.
1133 4445 1201 4506 Ptat.
1218 4443 1288 4506 Tim.
1299 4448 1334 4504 21
1347 4449 1387 4506 Α.

271 4533 333 4587 ³ct.
358 4534 455 4602 Christ,
480 4535 653 4590 Pictontscte
677 4535 792 4590 Studien
816 4535 957 4608 (Abhandl.
980 4533 1026 4593 der
1050 4537 1213 4608 Bsyerschen
1234 4537 1398 4609 Akadernie,

236 4621 394 4690 raasson.
