3018 5058
708 439 749 503 53

154 635 241 694 esse;
264 613 411 677 Solonem
434 633 468 677 sc
490 612 633 676 criminis
649 613 801 678 facillime
820 615 1001 692 absolvisse,
1017 615 1136 701 quippe
1153 617 1208 700 qui
1232 617 1300 701 ipsa

153 739 209 802 per
231 718 317 802 leges
340 737 413 782 suas
429 717 571 801 quinque
587 717 638 781 vel
661 719 845 802 quindecim
868 719 989 784 talenta
1011 722 1160 786 amiserit.
1208 723 1299 786 Plut-

153 823 267 888 archus
290 822 387 906 igitur
409 829 441 884 et
464 821 655 886 Aristoteles
679 822 991 906 adeoconsentiunt,
1011 831 1049 888 ut
1073 827 1299 890 Duemmlerus

153 929 231 992 satis
254 925 470 991 verisimiliter
492 925 621 1008 colligat
645 926 856 991 Plutarchum
879 929 1054 994 elontibus
1078 930 1300 1014 Peripateticis

153 1030 304 1096 hausisse.
350 1028 400 1092 Ea
430 1035 537 1095 tamen
571 1030 678 1094 minus
705 1037 791 1095 certa
818 1039 901 1108 sunt,
928 1053 1009 1116 quae
1040 1031 1125 1096 idem
1152 1034 1203 1097 vir
1229 1034 1300 1098 doo-

152 1134 295 1199 tissimus
311 1135 350 1198 de
366 1134 531 1198 Plutarchi
547 1133 773 1198 additamentis
789 1135 923 1200 disserit.

196 1241 324 1302 Etenim
341 1245 434 1323 putat
455 1238 662 1302 Aristotelem
678 1239 717 1302 de
732 1240 876 1324 quinque
899 1241 963 1305 illis
986 1241 1118 1306 talentis
1135 1247 1301 1327 propterea

152 1344 253 1419 silere,
268 1344 354 1427 quod
377 1365 395 1405 a
419 1343 624 1426 scriptoribus
647 1343 854 1427 popularibus
878 1344 918 1408 ad
941 1346 1145 1429 optimatium
1168 1346 1302 1410 crimina

152 1446 327 1511 refellenda
356 1448 429 1510 ficta
459 1447 542 1510 sint:
575 1445 689 1511 deinde
720 1467 759 1511 cx
790 1449 974 1513 nominibus
1005 1449 1144 1514 Cononis
1176 1450 1300 1515 Cliniae

153 1551 329 1635 Hipponici
360 1549 524 1614 concludit
560 1549 643 1613 hanc
674 1555 797 1634 partem
834 1551 977 1616 criminis
1007 1559 1110 1616 aetate
1140 1554 1302 1618 exstitisse

154 1675 217 1738 qno
247 1655 360 1718 horum
392 1655 689 1738 nepotes-Conon,
718 1655 910 1733 Alcibiades,
943 1656 1299 1722 Callias-floruerunt:

152 1757 263 1823 eodem
286 1758 417 1823 tendere
439 1779 613 1842 cognomen
639 1756 863 1846 Χρεωκοπίδαι,
884 1761 970 1844 quod
993 1761 1033 1824 ad
1056 1761 1301 1826 similitudinem

152 1863 241 1928 illius
256 1861 481 1950 Ἐρμοκοπίδαι
497 1864 668 1927 formatum
685 1883 753 1928 esse
770 1864 923 1928 videatur.
970 1865 1058 1942 Quae
1080 1885 1153 1929 cum
1173 1866 1220 1929 ita
1235 1866 1301 1929 sint

154 1969 381 2033 Duemmlerus
405 1967 570 2032 contendit
600 1967 677 2032 haec
709 1969 770 2031 tria
796 1967 938 2032 criminis
963 1969 1121 2033 elementa
1147 1969 1301 2054 originem

152 2072 282 2148 duxisse
313 2093 331 2135 a
362 2071 471 2135 libello
502 2071 587 2155 quod
617 2071 732 2135 ultima
763 2071 900 2136 statione
932 2071 1008 2136 belli
1040 2072 1301 2157 Peloponnesiiac

152 2177 273 2261 publici
284 2176 367 2260 juris
380 2173 501 2240 factum
517 2176 566 2241 sit.
614 2176 768 2239 Attamen
784 2196 856 2240 eum
873 2176 908 2238 in
924 2198 961 2240 eo
973 2175 1127 2240 erravisse
1143 2176 1305 2253 existimo,

151 2281 237 2365 quod
261 2285 355 2364 putat
381 2280 468 2344 hunc
495 2280 642 2344 libellum
665 2279 849 2344 Aristotelis
873 2282 1048 2344 narrationi
1070 2282 1218 2345 subesse:
1245 2283 1303 2366 qui

150 2403 225 2450 cnm
252 2385 290 2448 de
318 2392 334 2418 ‘¹
348 2384 592 2471 Chreooopr'ds's''
619 2383 713 2448 sileat
742 2385 898 2448 incertum
926 2390 975 2448 est
1001 2367 1110 2449 utrum
1137 2385 1303 2448 Plutarchi

150 2490 240 2553 fonte
262 2509 339 2553 usus
362 2489 445 2553 lianc
463 2489 580 2552 lamam
597 2488 636 2553 de
653 2488 786 2552 consilio
810 2489 961 2566 omiserit,
976 2510 1018 2552 an
1042 2489 1105 2552 alio
1127 2510 1167 2553 ex
1190 2489 1300 2554 libello

151 2594 302 2658 hauserit.

196 2697 423 2762 Duemmlerus
446 2701 563 2773 autem,
579 2717 653 2761 cum
676 2714 863 2781 persuasum
886 2697 1011 2774 habeat,
1027 2697 1134 2760 omnia
1157 2717 1240 2781 quac
1262 2697 1302 2762 de

151 2801 267 2866 Solone
301 2807 471 2865 narrantur
501 2802 541 2864 ab
571 2802 682 2866 eodem
714 2802 802 2866 fonte
838 2821 975 2877 manare,
1008 2821 1158 2885 quaerere
1190 2802 1302 2886 pergit,

151 2904 225 2990 quls
268 2905 433 2969 Plutarchi
471 2912 582 2969 auctor
620 2906 716 2970 fuerit
728 2930 735 2984 ;
780 2926 883 2989 neque
921 2905 1126 2969 difficultates
1164 2905 1298 2990 ignorat,

151 3029 234 3094 qnae
277 3008 434 3094 ejusmodi
475 3010 756 3093 investigationem
800 3009 988 3093 impediunt.
1049 3009 1135 3072 Nam
1177 3011 1295 3074 Critiae

151 3123 304 3200 tempore,
335 3120 372 3177 ut
407 3114 475 3198 ipse
506 3115 686 3189 confitetur,
717 3113 820 3177 libelli
856 3113 980 3198 politici
1017 3114 1199 3197 argumenti
1233 3119 1299 3178 tarn

151 3220 336 3303 frequentes
383 3219 479 3295 fuere,
521 3223 559 3282 ut
604 3218 791 3302 perdifficile
834 3219 877 3283 sit
923 3217 1122 3302 singulorum
1166 3217 1300 3302 vestigia

151 3323 368 3408 distinguere.¹
427 3323 541 3408 Sperat
570 3329 679 3387 tamen
709 3343 767 3386 nos
794 3323 833 3386 de
865 3323 924 3386 hac
964 3321 1050 3385 fama
1086 3342 1149 3385 uon
1181 3323 1299 3386 frustra

150 3429 399 3512 investigaturos
422 3446 508 3492 esse:
534 3447 652 3511 paucos
675 3427 761 3490 enirn
784 3426 923 3490 Athenis
946 3445 1039 3490 ausos
1062 3446 1130 3490 esse
1154 3425 1303 3490 Solonem

150 3532 348 3596 calumniari.
371 3530 855 3615 Statimaprinoipiccontendit
865 3537 1026 3594 auctorem
1036 3530 1302 3595 extralacticnem

151 3633 464 3719 Quadringentorum
477 3633 693 3718 quaerendum
704 3653 781 3709 esse,
792 3641 880 3698 ratus
900 3634 979 3697 haec
988 3633 1122 3697 crimina
1135 3641 1300 3716 propterea

150 3759 171 3802 a
197 3739 447 3823 Quadringentis
473 3739 577 3804 aliena
603 3759 681 3813 esse,
707 3738 793 3822 quod
824 3737 995 3813 decretum,
1022 3758 1040 3801 a
1066 3758 1130 3821 quo
1156 3737 1300 3821 potentia

150 3863 261 3908 eornm
276 3849 386 3908 exorta
398 3849 455 3920 est,
467 3843 593 3908 Solonis
609 3842 759 3907 instituta
771 3842 895 3906 civibus
907 3841 1106 3906 restituenda
1117 3842 1302 3925 proposuit*

147 3947 237 4024 Quas
263 3965 322 4023 res,
349 3965 419 4012 moa
445 3947 614 4023 sententia,
639 3945 773 4011 minoris
802 3951 852 4009 est
881 3944 1044 4008 momenti.
1098 3943 1178 4022 Quis
1209 3945 1298 4009 enim

150 4051 367 4117 demonstrare
388 4056 493 4136 potest
509 4050 767 4134 Quadringentos
783 4047 824 4112 ad
845 4065 947 4112 unum
971 4047 1097 4112 Solonis
1119 4046 1299 4114 laudatores

150 4155 273 4222 fuisset
318 4155 380 4221 Sed
404 4161 442 4220 nt
465 4154 711 4220 Duemmlerum
735 4171 915 4236 sequamur,
940 4171 959 4214 a
983 4149 1234 4235 Quadringentis
1259 4151 1300 4216 ad

149 4261 282 4345 triginta
307 4259 393 4325 viros
423 4259 549 4335 transit,
571 4257 772 4342 affirmatque
797 4261 970 4332 auctorem,
991 4255 1146 4340 quoniam
1171 4273 1256 4319 unus
1282 4276 1301 4321 e

149 4363 297 4450 tyrannis
320 4364 424 4441 fuerit,
440 4363 558 4428 idcirco
574 4362 708 4428 Critiam
731 4360 851 4426 fuisse:
873 4360 929 4425 sed
945 4361 1162 4424 demonstrare
1177 4358 1301 4425 omittit

241 4621 249 4656 ¹
262 4624 301 4684 cf.
314 4623 492 4694 Wilaorowltr,
504 4639 545 4694 op.
558 4622 601 4678 cit.
616 4621 640 4677 Ι.
654 4624 712 4679 169.
856 4618 917 4678 ²01.
929 4616 1039 4677 Aristot.
1054 4620 1100 4676 Al·
1113 4629 1172 4678 πλ.
1186 4621 1228 4676 29.
