2970 5054
794 481 835 542 38

241 651 359 714 veritas
374 649 420 714 ita
435 651 649 734 detorquetur,
666 660 702 715 ut
717 653 929 718 Theramenes
946 655 1070 720 omissis
1086 659 1199 722 ceteris
1216 659 1249 722 in
1269 661 1382 726 Critiae

240 762 273 818 et
304 755 485 819 Promethei
515 757 667 820 societate
697 767 916 823 commoretur.
973 761 1140 825 Praeterea
1170 763 1385 846 Lycophronis

239 860 381 937 victoria,
404 860 497 924 initio
524 861 656 943 triginta
679 862 820 925 virorum
847 865 1014 946 potestatis
1041 872 1210 948 reportata,
1234 889 1298 931 non
1325 870 1384 934 uisi

239 963 324 1028 fama
347 965 469 1029 incerta
492 965 681 1030 Therameni
697 972 773 1029 nota
796 986 864 1031 esse
880 968 1001 1050 potuit:
1024 974 1217 1053 quapropter
1238 974 1384 1038 credibile

239 1074 288 1133 est
314 1069 555 1153 Lycophronem
582 1075 659 1133 tunc
686 1071 839 1154 temporis
866 1092 930 1134 non
957 1072 1148 1137 Therameni
1178 1081 1307 1139 tantum
1333 1079 1384 1141 sed

238 1173 332 1236 etiam
359 1172 609 1238 Atheniensibus
632 1173 792 1256 plerisque
813 1173 927 1238 ducem
950 1176 1158 1240 Penestarum
1181 1179 1287 1242 visum
1311 1201 1384 1246 esse.

238 1279 362 1361 Itaque,
378 1277 412 1340 ni
434 1277 536 1353 fallor,
552 1297 588 1341 ea
604 1298 686 1360 quae
702 1277 883 1361 Xenophon
900 1279 1029 1362 profert,
1044 1280 1086 1342 ad
1106 1281 1243 1364 primam
1259 1287 1383 1348 tantum

236 1383 406 1446 stationem
420 1381 608 1446 defectionis
620 1382 791 1465 pertinent.
837 1382 1050 1446 Philostratus
1060 1391 1170 1448 contra
1186 1387 1237 1449 cui
1251 1396 1384 1452 eventus

236 1487 334 1550 totius
358 1486 436 1550 belli
460 1494 555 1549 notus
581 1492 656 1560 erat,
678 1506 741 1548 non
771 1486 865 1549 modo
892 1487 1101 1550 Penestarum
1127 1491 1315 1566 tumultum,
1329 1493 1383 1555 sed

236 1593 332 1656 etiam
346 1591 550 1676 tyrannidem
563 1591 746 1666 Pheraeum,
758 1611 839 1674 quae
851 1591 1008 1674 originem
1024 1591 1099 1656 inde
1116 1592 1218 1670 duxit,
1228 1595 1383 1678 respicere
1458 1579 1459 1604 ¹

235 1696 363 1760 debuit:
389 1695 565 1759 rectissime
590 1694 688 1778 igitur
714 1694 794 1758 dicit
821 1694 964 1770 Critiam,
985 1699 1139 1779 tanquam
1163 1697 1383 1781 Lycophronis

234 1801 364 1876 socium,
376 1798 607 1882 rempublicam
620 1797 779 1862 Thessalis
794 1797 969 1881 graviorem
982 1798 1165 1864 reddidisse.
1205 1801 1295 1877 Quae
1311 1821 1383 1864 curn

233 1904 279 1968 ita
295 1904 369 1980 sint,
385 1903 489 1968 elucet
504 1903 690 1986 scriptorem
706 1907 877 1985 utrumque
892 1922 967 1966 vera
982 1902 1132 1985 prolerre,
1149 1903 1381 1969 Philostratum

234 2015 341 2073 autem
358 2029 395 2072 ea
410 2008 567 2091 supplere,
584 2027 695 2090 quaea
711 2005 924 2089 Xenophonte
939 2007 1141 2070 omittuntur.

278 2122 367 2198 Quae
382 2119 602 2202 interpretatio
618 2125 784 2202 propterea
799 2119 900 2202 magis
916 2119 1042 2195 arridet,
1059 2119 1145 2202 quod
1169 2120 1383 2186 Philostratus

233 2226 351 2290 ibidem
395 2223 619 2306 Xenophontis
653 2222 813 2306 judicium
855 2223 890 2284 in
933 2223 1184 2286 Memorabiiibus
1221 2225 1382 2307 prolatum

232 2328 373 2394 refutat.¹
418 2329 566 2412 Denique
585 2348 620 2391 ea
638 2348 763 2411 quoque
784 2326 860 2390 huic
876 2326 991 2388 rationi
1016 2327 1126 2391 favent
1141 2348 1222 2410 quae
1246 2329 1381 2394 Pahlius

232 2435 271 2498 de
294 2433 483 2496 Prometheo
499 2431 694 2515 disputavit:
717 2429 1004 2514 Wyttenbachium
1021 2431 1107 2494 enim
1132 2441 1289 2515 sequutus
1306 2455 1380 2497 con·
1460 2433 1461 2448 ³

232 2539 337 2602 tendit
361 2539 569 2601 Penestarum
587 2536 699 2600 ducem
716 2558 781 2600 non
797 2535 895 2599 alium
912 2555 948 2598 ac
965 2535 987 2598 J
989 2557 1119 2600 asonem
1134 2537 1186 2600 vel
1208 2537 1312 2601 filium
1329 2538 1383 2602 vel

230 2664 384 2728 generum
400 2640 619 2726 Lycophronis
634 2640 752 2704 fuisse²

276 2758 426 2821 Ceterum
442 2761 478 2818 ut
494 2775 530 2819 eo
546 2754 712 2818 redeamus
727 2754 812 2819 unde
827 2777 923 2840 supra
939 2756 1074 2840 digressi
1090 2776 1210 2832 sumus,
1221 2757 1315 2820 testis
1331 2764 1382 2821 est
1461 2787 1462 2818 r

231 2861 443 2926 Philostratus
457 2859 591 2923 Critiam
604 2867 693 2922 “cum
709 2859 922 2924 Thessalorum
934 2861 1133 2948 optimatibus
1143 2861 1358 2944 colloquentem
1366 2861 1381 2885 ”

230 2965 444 3029 Athenienses
456 2984 523 3027 essa
536 2963 784 3028 calumniatum:
800 2969 895 3047 atquc
911 2985 984 3028 curn
997 2986 1060 3028 vox
1076 2964 1132 3028 illa
1148 2963 1382 3052 διαλεγόμενος

229 3091 295 3133 non
310 3069 372 3133 nisi
396 3067 436 3132 ad
448 3069 537 3150 justa
557 3067 715 3150 colloquia
734 3076 876 3151 spectare
899 3069 1008 3152 possit,
1025 3090 1082 3152 ego
1098 3089 1172 3132 vero
1196 3069 1300 3133 iacere
1314 3090 1380 3132 non

229 3195 368 3258 possum,
384 3173 463 3256 quin
486 3173 597 3255 opiner
621 3171 853 3237 Philostratum
876 3174 909 3236 in
933 3173 984 3236 his
1007 3172 1183 3238 scribendis
1209 3172 1380 3258 Colloquia

229 3279 269 3341 ab
284 3277 353 3360 ipso
366 3275 466 3340 Critia
478 3274 598 3358 publici
609 3275 692 3357 juris
709 3275 792 3339 facta
807 3276 960 3340 inanimo
976 3277 1132 3340 habuisse.
1179 3278 1277 3341 Unde
1289 3278 1378 3340 enirn

229 3399 397 3456 sermones,
424 3400 503 3461 qnos
535 3377 650 3441 Critias
681 3383 755 3441 ante
782 3399 883 3442 annos
915 3386 1081 3444 sexcentos
1108 3401 1181 3442 curn
1212 3381 1378 3445 Thessalis

229 3485 391 3560 habuerat,
407 3482 601 3545 Philostrato
617 3487 872 3564 pernotuerunt?

272 3598 375 3674 Quam
388 3594 570 3679 opinionem
582 3595 759 3678 fragmenta
774 3596 970 3672 confirmant,
981 3616 1061 3678 quae
1078 3594 1217 3658 Bachius
1227 3596 1268 3659 ad
1284 3597 1378 3661 libel-

227 3702 294 3767 lum
305 3701 465 3786 quendam
478 3701 517 3764 de
529 3699 778 3764 Atheniensium
790 3701 965 3785 Republica
977 3701 1141 3766 referenda
1153 3721 1222 3765 esse
1240 3705 1379 3767 statuit.³

226 3814 243 3840 “
257 3807 339 3884 Quae
377 3807 413 3868 de
450 3805 644 3867 Themistocle
657 3805 671 3830 ”
709 3805 816 3888 inquit
854 3813 870 3838 “
884 3806 990 3871 Cicone
1026 3813 1053 3869 et
1093 3804 1216 3869 Cimona
1252 3807 1376 3872 Critias

128 3904 131 3911 ¹
227 3910 403 3997 exposuisse
428 3908 586 3992 laudatur,
610 3910 686 3973 satis
711 3911 923 3975 uerisimiliter
947 3911 991 3974 ad
1012 3911 1113 3996 ipsias
1138 3911 1380 3998 Rempubiicam

225 4015 461 4078 Atheniensium
476 4014 655 4096 respiciunt,
672 4014 741 4077 lieet
755 4016 818 4096 ejus
832 4036 984 4098 nusquam
993 4016 1058 4098 fiat
1072 4015 1209 4078 mentio.''
1256 4015 1304 4078 Fr.
1326 4018 1381 4092 10,

225 4121 309 4205 quod
333 4119 409 4182 trita
424 4117 480 4180 illa
496 4116 665 4199 opprobria
687 4117 722 4179 in
738 4118 904 4202 populares
919 4119 1168 4183 Atheniensium
1185 4118 1283 4183 duces
1298 4141 1378 4184 con-

225 4231 351 4308 torquet
378 4221 582 4304 optimatium
609 4221 783 4285 sententias
807 4228 914 4304 aperte
938 4223 1108 4306 exprimit:
1135 4222 1234 4286 altero
1261 4230 1379 4288 autem

224 4332 402 4412 fragmento
438 4325 554 4389 Critias
593 4326 767 4388 contrariae
808 4326 954 4391 factionis
985 4347 1077 4390 voces
1116 4333 1256 4409 usurpat,
1289 4350 1379 4412 quae

260 4575 267 4602 ¹
283 4569 349 4622 Test.
363 4565 427 4620 Ant.
442 4565 479 4620 ΙΙ.
495 4569 536 4633 13,
551 4566 592 4620 14.
678 4565 735 4622 2(11.
750 4565 823 4620 Pahl.
836 4563 930 4621 Jahrb.
938 4567 964 4636 s.
979 4565 1079 4625 Paitoi.
1094 4567 1195 4628 XCIII.
1209 4573 1262 4622 530
1275 4586 1334 4640 sqq.

258 4657 324 4710 'm
338 4656 380 4720 10,
395 4659 435 4708 ll.
472 4651 511 4709 cf.
525 4651 604 4719 Bach,
617 4667 658 4722 op.
671 4651 714 4706 eit.
729 4655 763 4706 98
775 4671 782 4717 ;
801 4652 905 4722 Miiller,
919 4651 966 4712 Fr.
980 4653 1051 4709 Hist.
1068 4653 1158 4710 Graec.
1173 4656 1210 4710 ΙΙ.
1223 4659 1266 4711 68.
