3018 5058
794 423 834 486 10

278 602 335 684 (5.)
368 599 517 683 μάλιστα
551 596 659 663 δοῦλοι
690 595 723 662 ἐν
752 595 968 678 Λακεδαίμονι
1001 594 1056 660 καὶ
1090 594 1259 682 ἐλεύθεροι,
1290 594 1322 660 τὶ
1352 593 1378 660 δ’

234 705 319 770 ἄλλο
345 729 390 786 ηε,
416 703 437 785 ἢ
463 702 544 790 ὅπερ
571 700 665 796 αύτὸς
692 699 709 765 ὁ
735 699 872 787 Κριτίας
900 714 1001 788 φησιν
1027 702 1068 771 ὡς
1095 701 1251 770 ἀπιστίας
1278 698 1381 766 εἵνεκα

234 813 290 890 τῆς
320 811 403 895 πρὸς
433 806 506 877 τοὺς
536 804 677 875 εἵλωτας
706 803 838 874 τούτους
868 804 986 892 ἐξαιρεῖ
1013 804 1072 887 μέν
1098 802 1144 889 (ὁ)
1174 798 1381 892 Σπαρτιάτης

235 913 315 978 οίκοι
345 917 401 994 τῆς
427 910 564 981 ἀσπίδος
591 910 647 977 τὸν
672 909 838 998 πόρπακα,
866 915 960 975 τοῦτο
987 908 1014 974 δ’
1042 908 1100 974 οὐκ
1130 907 1216 998 ἔχων
1241 908 1296 974 ἐπὶ
1326 914 1381 991 τῆς

234 1016 406 1104 στρατείας
431 1020 535 1082 ποιεῖν
557 1013 608 1079 διό
631 1013 667 1080 τὸ
690 1014 754 1079 δεῖν
773 1014 935 1084 πολλάκις
957 1012 1119 1099 ὀξύτητος,
1143 1012 1179 1079 τό
1200 1013 1276 1101 δόρυ
1296 1012 1382 1102 ἔχων

235 1120 285 1186 άεῖ
311 1120 516 1209 περιέρχεται
539 1121 582 1191 ὡς
614 1119 767 1208 κρείττων
791 1146 829 1202 ηε
860 1117 960 1202 ταύτῃ
983 1122 1040 1184 τοῦ
1062 1117 1201 1189 εἴλωτος
1223 1119 1380 1201 ἐσόμενος,

235 1225 276 1307 ἢν
296 1225 362 1292 άπὸ
376 1225 474 1309 μόνης
490 1224 654 1313 νεωτερίζῃ
670 1229 726 1306 τῆς
742 1224 888 1294 ἀσπίδος·
903 1223 1147 1312 μεμηχάνηνται
1162 1222 1196 1288 δέ
1211 1223 1313 1306 (codd.
1330 1222 1380 1305 δή)

236 1328 291 1394 καὶ
314 1329 441 1400 κλεῖδας
463 1331 500 1399 ἁς
523 1329 645 1395 οίουται
667 1334 723 1410 τῆς
745 1328 813 1415 παῤ
829 1326 956 1393 ἐκείνων
971 1328 1149 1409 ἐπιβουλῆς
1172 1326 1383 1415 ἰσχυροτέρας

228 1433 477 1500 εἶναι-Ιιίδαο.
495 1435 556 1516 (ed.
581 1434 720 1516 Reiske),
736 1433 780 1496 II.
798 1435 858 1512 85;
880 1433 917 1496 οί.
941 1432 1041 1509 Blas8,
1064 1433 1256 1497 θνίοοίιίοοίιο
1270 1433 1382 1496 Βαναί-

234 1539 411 1616 samkeit,1.
431 1539 500 1602 262.

279 1675 337 1756 (6.)
354 1672 444 1755 Φησὶ
454 1676 533 1757 γοῦν
546 1672 681 1760 Κριτίας
693 1670 786 1736 οὕτω·
802 1669 1081 1753 Ἀναπεδήσαντες
1093 1669 1137 1741 είς
1148 1669 1236 1757 ὕψος
1247 1670 1311 1759 πρὸ
1325 1676 1385 1738 τοῦ

235 1778 465 1865 κατενεχθῆναι
480 1776 534 1842 ἐπὶ
556 1783 616 1861 ιηῆν
630 1773 850 1862 παραλλαγάς
872 1775 1001 1846 πολλὰς
1025 1779 1091 1845 τοῖς
1106 1775 1206 1841 ποσὶν
1222 1774 1383 1842 ἐποίουνὸ

235 1881 274 1962 δὴ
291 1881 552 1970 θερμαϋστρίζειυ
568 1881 877 1965 ἐλεηον.-Ειιοίαίίι.
894 1883 937 1944 ad
952 1881 1042 1944 Hom.
1061 1881 1162 1963 θάητο.
1180 1880 1219 1956 Θ,
1238 1881 1308 1948 376.

595 2040 648 2121 (ό.)
672 2037 848 2102 Θετταλῶν
862 2041 1020 2103 πολιτεία.

281 2183 335 2268 (7.)
370 2181 612 2266 Ὣμολόηηνται
641 2180 668 2246 δ’
699 2180 730 2246 οἱ
758 2181 930 2255 Θετταλοὶ,
962 2181 1003 2251 ὡς
1033 2180 1087 2245 καὶ
1118 2180 1257 2268 Κριτίας
1288 2182 1383 2268 φησὶ,

236 2288 368 2353 πάντων
399 2285 571 2368 Ἑλλήνων
604 2284 882 2352 πολυτελέστατοι
915 2284 1108 2369 «γεγενῆσθαι
1143 2291 1219 2373 περί
1255 2313 1290 2352 τε
1325 2285 1384 2368 τήν

237 2391 363 2458 δίαιταν
389 2395 443 2456 καὶ
469 2389 527 2472 τήν
549 2391 680 2473 ἐσθῆτα·
708 2389 788 2477 ὅπερ
814 2390 921 2462 αὐτοῖς
947 2390 1049 2456 αἴτιον
1072 2389 1194 2473 ἐγενετο
1218 2389 1302 2456 κατὰ
1327 2395 1383 2473 τῆς

235 2495 397 2566 Ἑλλάδος
412 2495 586 2578 ἐπονγοηεῖν
597 2492 669 2565 τοὺς
681 2495 823 2581 Πέρσας,
837 2494 1042 2575 ζηλώσαντας
1057 2492 1116 2575 τήν
1126 2492 1248 2560 τούτων
1260 2494 1384 2582 τρυφὴν

237 2600 292 2665 καὶ
306 2599 685 2665 πολυτέλειαν-Λάιον.
703 2599 781 2662 XII.
800 2600 861 2663 527
879 2602 915 2663 A.

281 2702 514 2787 ὁμολογοῦνται
536 2702 564 2767 δ’
588 2701 620 2768 οἱ
640 2700 802 2767 Θετταλοὶ
828 2701 1105 2769 πολυτελέστατοι
1128 2705 1192 2768 τῶν
1212 2700 1384 2784 Ἑλλήνων

237 2809 429 2892 «γεγενῆσθαι
455 2808 533 2896 περί
556 2834 591 2872 τε
617 2805 674 2877 τὰς
700 2806 838 2889 ἐσθῆτας
865 2807 918 2873 καὶ
942 2805 1000 2889 τήν
1015 2806 1147 2873 δίαιταν·
1172 2807 1252 2895 ὅπερ
1276 2807 1384 2880 αύτοῖς

238 2913 341 2978 αἴτιον
353 2911 475 2996 ἐγενετο
491 2910 546 2978 καὶ
560 2917 617 2978 τοῦ
629 2911 711 2978 κατὰ
727 2918 783 2995 τῆς
792 2911 954 2982 Ἑλλάδος
967 2913 1141 2995 ἐπωγωγεῖν
1152 2910 1224 2981 τοὺς
1240 2911 1382 2997 Πέρσας,

238 3015 416 3098 ἐζηλωκόσι
440 3007 498 3098 τήν
513 3016 635 3084 τούτων
650 3017 773 3105 τρυφὴν
789 3017 841 3084 καὶ
867 3015 1087 3082 πολυτέλειαν.
1130 3015 1251 3103 ἱστορεῖ
1273 3016 1307 3082 δέ
1331 3017 1384 3083 καὶ

237 3121 312 3210 περὶ
335 3126 391 3204 τῆς
413 3122 624 3192 πολυτελείας
640 3122 814 3188 αὐτῶνκαὶ
837 3123 971 3210 Κριτίας
986 3121 1020 3187 ἐν
1034 3124 1073 3205 τῇ
1095 3123 1253 3210 Πολιτείᾳ
1267 3121 1381 3188 αὐτῶν.

983 3227 1096 3291 Athen.
1113 3227 1203 3291 XIV.
1221 3229 1283 3291 663
1299 3227 1337 3290 Α.

685 3329 739 3429 1Β.
762 3363 918 3448 Ὁμιλίαι.

283 3507 340 3587 (8.)
364 3502 433 3568 Καὶ
448 3503 481 3570 ἐν
494 3501 655 3586 Ὁμιλιῶν
669 3502 826 3591 προτέρῳ.

283 3605 326 3672 Εί
351 3605 377 3672 δ’
405 3605 500 3676 αύτός
530 3605 706 3688 άσκήσειας
728 3605 816 3677 ὅπως
841 3605 951 3692 ’γνώμη
978 3608 1020 3691 σή
1047 3605 1106 3691 ἔσῃ
1134 3606 1238 3678 ἱκανὸς
1263 3607 1384 3689 ήκιστα

241 3710 280 3777 ἂν
303 3710 405 3781 οὕτως
428 3709 483 3776 ὑπ’
506 3709 604 3777 αὐτοῦ
627 3711 665 3776 ἂν
679 3710 1016 3792 άδικηθείης.-θαίιη
1031 3712 1091 3795 (ed.
1109 3711 1235 3794 Kfihn),
1252 3713 1383 3778 XVIII.

242 3818 312 3880 656.

284 3957 340 4036 (9.)
365 3951 517 4018 Αίτιιῖται
539 3952 674 4040 Κριτίας
695 3952 896 4043 Ἀρχίλοχον
918 3954 968 4020 ὅτι
991 3954 1132 4019 κάκιστα
1154 3954 1265 4021 ἑαυτὸν
1287 3953 1383 4023 ἐιπεν·

242 4057 284 4123 Εἰ
298 4057 361 4145 «γὰρ
375 4056 420 4140 μή
436 4057 550 4128 ἐκεῖνος
565 4057 714 4140 τοιαύτην
729 4058 824 4142 δόξαν
840 4058 917 4146 ὑπὲρ
938 4059 1052 4124 ἐαυτοῦ
1066 4056 1110 4130 είς
1134 4057 1384 4140 τούςἜλληνας

241 4161 405 4246 ἐξήνεγκεν
420 4161 477 4227 οὐκ
492 4161 532 4228 ἂν
547 4161 728 4244 ἐπυθόμεθα
751 4164 849 4248 ἡμεῖς,
866 4161 938 4228 ούτε
957 4161 1007 4227 ὅτι
1022 4161 1173 4233 Ἐνιποῦς
1195 4161 1259 4234 υἱὸς
1273 4163 1313 4244 ἦν
1327 4170 1384 4246 τῆς

241 4267 367 4351 δούλης,
383 4266 450 4332 οὔθ’
466 4267 516 4332 ὅτι
539 4267 726 4334 καταλιπὼν
742 4269 855 4356 Πάρον
869 4267 920 4333 διὰ
936 4273 1048 4333 πενίαν
1063 4268 1117 4332 καὶ
1132 4269 1271 4356 ἀπορίαν
1286 4270 1384 4348 ἦλθεν

241 4372 284 4444 είς
307 4373 428 4451 Θάσον,
445 4371 510 4438 οὔθ’
527 4373 577 4438 ὅτι
599 4370 702 4439 ἐλθὼν
716 4377 782 4443 τοῖς
805 4373 941 4439 ἐνταῦθα
957 4370 1071 4460 ἐχθρός
1087 4371 1219 4459 ἐγένετο,
1236 4372 1308 4438 ούδέ
1321 4373 1384 4456 μὴν

242 4477 291 4543 ὅτι
314 4474 430 4560 ὁμοίως
452 4481 524 4547 τοὺς
547 4474 662 4562 φίλους
684 4477 738 4542 καὶ
754 4476 826 4548 τοὺς
841 4475 975 4565 ἐχθρούς
990 4479 1094 4547 κακῶς
1109 4475 1209 4561 ἔλεγε.
1253 4476 1333 4564 πρὸς
1349 4478 1385 4544 δέ

241 4579 365 4652 τούτοις
390 4579 421 4662 (ἦ
437 4580 464 4644 δ’
482 4579 529 4663 ὃς)
545 4581 618 4647 οὔτε
632 4580 683 4647 ότι
697 4579 811 4668 μοιχός
825 4579 864 4662 ήν
878 4580 1004 4665 ᾔδειμεν
1018 4579 1065 4654 ἃν,
1083 4579 1111 4646 εἰ
1124 4580 1169 4664 μή
1184 4580 1261 4670 παρ’
1284 4581 1385 4649 αὐτοῦ
