3018 5058
782 387 823 450 34

230 560 360 638 fuerint,
375 582 415 624 ex
430 560 476 626 eis
491 566 632 646 apparet,
648 581 728 644 quae
745 561 779 623 in
792 581 920 644 corpore
936 562 1165 626 Demosthenis
1186 563 1369 647 scriptorum

231 670 407 742 servantur,
424 685 535 748 neque,
551 663 675 729 Blassio
687 664 804 748 judice,
819 664 896 728 huic
911 665 1123 748 abjudicanda
1138 671 1233 731 sunt.1

275 771 388 834 Restat
410 774 518 834 tamen
542 769 686 853 quaestio
708 790 750 833 an
770 768 850 834 haec
872 790 966 852 opera
986 791 1020 834 re
1042 791 1117 834 vera
1140 791 1159 834 a
1182 770 1284 835 Critia
1302 792 1372 836 con·

231 873 349 957 scripta
365 873 438 938 sint.
486 873 647 938 Ciceronis
668 879 753 937 certe
775 872 996 938 testimonium
1018 873 1110 958 parvi
1131 880 1181 940 est
1203 875 1374 940 momenti:

231 978 352 1042 ibidem
368 979 454 1042 enim
470 979 636 1055 orationes
645 978 732 1041 haud
748 977 844 1042 dubie
859 978 992 1062 spurias,
1004 978 1136 1044 Periclis
1152 984 1184 1044 et
1199 979 1373 1045 Alcibiadis

231 1083 350 1158 laudat,
365 1083 412 1145 ita
434 1089 472 1146 ut
493 1083 563 1147 fieri
586 1083 694 1166 possit,
710 1089 747 1147 ut
771 1083 879 1147 rhetor
893 1083 999 1148 nescio
1014 1083 1086 1166 quis
1112 1083 1230 1148 Critiae
1252 1105 1374 1168 quoque

233 1176 393 1270 prooemia
408 1191 504 1270 atque
517 1207 612 1271 opera
627 1187 745 1250 similia
757 1194 830 1250 ante
844 1187 1006 1250 Ciceronis
1019 1192 1155 1251 aetatem
1168 1187 1375 1271 supposuerit

233 1292 395 1366 Attamen,
417 1291 525 1354 omnia
547 1312 629 1375 quae
652 1291 838 1374 Dionysius,
861 1291 1086 1375 Hermogenes,
1103 1291 1317 1356 Philostratus
1340 1291 1376 1356 de

232 1396 291 1460 hac
307 1416 340 1459 re
357 1395 498 1472 tradunt,
513 1396 548 1457 in
563 1417 601 1459 ea
613 1395 732 1479 optime
748 1395 952 1472 conveniunt,
963 1417 1045 1479 quae
1061 1397 1099 1459 de
1117 1395 1234 1460 Critiae
1250 1396 1376 1481 ingenio

233 1500 458 1584 cognovimus3
480 1521 555 1562 nam
565 1501 633 1584 ipse
649 1501 830 1584 Xenophon
846 1500 937 1564 testis
950 1504 998 1564 est
1014 1499 1146 1564 Critiam
1164 1501 1376 1584 eloquentiam

233 1626 358 1670 summo
371 1604 477 1668 studio
490 1604 632 1669 coluisse.
658 1605 743 1683 Quid
755 1605 854 1689 igitur
866 1605 947 1682 miri,
957 1605 985 1669 si
996 1605 1053 1681 vir,
1063 1625 1138 1688 prae
1151 1606 1263 1669 ceteris
1275 1605 1376 1668 laudis

233 1709 378 1792 cupidus,
395 1709 451 1792 qui
474 1715 521 1772 tot
537 1715 569 1772 et
584 1716 649 1772 tam
672 1711 760 1773 varia
779 1709 970 1773 documenta
992 1709 1113 1792 ingenii
1136 1709 1246 1786 edidit,
1262 1711 1375 1773 lamam

234 1813 694 1897 aequalium-Antiphontem
720 1813 790 1878 dico
816 1820 849 1877 et
874 1814 1378 1897 Thrasymachum—aemulatus,

234 1917 434 2000 eloquentiae
455 1923 663 1980 monumenta
682 1917 800 1981 litteris
818 1917 991 1982 mandavit.
1038 1918 1126 1995 Quae
1147 1939 1220 1982 cum
1241 1917 1287 1981 ita
1308 1918 1377 1992 sint,

235 2042 291 2104 ego
307 2042 381 2084 vero
399 2042 461 2084 non
479 2022 589 2097 ausim,
607 2021 725 2085 Critiae
741 2022 861 2106 scripta
876 2022 1014 2086 oratoria
1030 2022 1222 2106 abjudicare.

588 2195 595 2222 ¹
609 2195 650 2253 Cl.
665 2196 747 2267 Blass,
760 2196 952 2269 Demosthenes,
965 2202 1026 2255 325.
