<?xml version="1.0" encoding="UTF-8"?>
<!DOCTYPE html PUBLIC "-//W3C//DTD XHTML 1.0 Transitional//EN"
    "http://www.w3.org/TR/xhtml1/DTD/xhtml1-transitional.dtd">
<html xmlns="http://www.w3.org/1999/xhtml" xml:lang="en" lang="en">
 <head>
  <title>
</title>
<meta http-equiv="Content-Type" content="text/html;charset=utf-8" />
  <meta name='ocr-system' content='tesseract 3.04.00' />
  <meta name='ocr-capabilities' content='ocr_page ocr_carea ocr_par ocr_line ocrx_word'/>
</head>
<body>
  <div class='ocr_page' id='page_1' title='image "./decritiaeoperib00patrgoog_0024.png"; bbox 0 0 3018 5058; ppageno 0'>
   <div class='ocr_carea' id='block_1_1' title="bbox 6 681 16 764">
    <p class='ocr_par' dir='ltr' id='par_1_1' title="bbox 6 681 16 764">
     <span class='ocr_line' id='line_1_1' title="bbox 6 681 16 764; baseline 0 0"><span class='ocrx_word' id='word_1_1' title='bbox 6 681 16 764; x_wconf 80' lang='grc' dir='ltr'>ί</span> 
     </span>
    </p>
   </div>
   <div class='ocr_carea' id='block_1_2' title="bbox 700 447 780 548">
    <p class='ocr_par' dir='ltr' id='par_1_2' title="bbox 700 447 780 548">
     <span class='ocr_line' id='line_1_2' title="bbox 700 447 780 548; baseline 0.013 -1"><span class='ocrx_word' id='word_1_2' title='bbox 700 447 780 548; x_wconf 67' lang='grc' dir='ltr'>ιο</span> 
     </span>
    </p>
   </div>
   <div class='ocr_carea' id='block_1_3' title="bbox 187 657 1233 745">
    <p class='ocr_par' dir='ltr' id='par_1_3' title="bbox 187 657 1233 745">
     <span class='ocr_line' id='line_1_3' title="bbox 187 657 1233 745; baseline 0.006 -25"><span class='ocrx_word' id='word_1_3' title='bbox 187 658 266 738; x_wconf 81' lang='grc'>(30.)</span> <span class='ocrx_word' id='word_1_4' title='bbox 289 657 511 745; x_wconf 77' lang='grc' dir='ltr'>χορδοπώλης,</span> <span class='ocrx_word' id='word_1_5' title='bbox 528 658 570 726; x_wconf 89' lang='grc' dir='ltr'>ὡς</span> <span class='ocrx_word' id='word_1_6' title='bbox 588 659 722 745; x_wconf 96' lang='grc' dir='ltr'>Κριτίας</span> <span class='ocrx_word' id='word_1_7' title='bbox 737 657 957 741; x_wconf 70' lang='grc' dir='ltr'>λέγει-Ροίί,</span> <span class='ocrx_word' id='word_1_8' title='bbox 975 661 1050 725; x_wconf 68' lang='lat' dir='ltr'><em>ibid.</em></span> <span class='ocrx_word' id='word_1_9' title='bbox 1067 662 1143 724; x_wconf 92' lang='lat' dir='ltr'>VII.</span> <span class='ocrx_word' id='word_1_10' title='bbox 1162 663 1233 726; x_wconf 88' lang='lat'><strong>154.</strong></span> 
     </span>
    </p>
   </div>
   <div class='ocr_carea' id='block_1_4' title="bbox 190 804 1293 895">
    <p class='ocr_par' dir='ltr' id='par_1_4' title="bbox 190 804 1293 895">
     <span class='ocr_line' id='line_1_4' title="bbox 190 804 1293 895; baseline 0.007 -28"><span class='ocrx_word' id='word_1_11' title='bbox 190 805 266 888; x_wconf 87' lang='lat'>(31.)</span> <span class='ocrx_word' id='word_1_12' title='bbox 289 804 419 876; x_wconf 81' lang='grc' dir='ltr'>τούτους</span> <span class='ocrx_word' id='word_1_13' title='bbox 435 806 460 870; x_wconf 89' lang='grc' dir='ltr'>δ’</span> <span class='ocrx_word' id='word_1_14' title='bbox 476 808 532 890; x_wconf 83' lang='lat' dir='ltr'><strong>(se.</strong></span> <span class='ocrx_word' id='word_1_15' title='bbox 548 805 621 876; x_wconf 83' lang='grc' dir='ltr'>τοὺς</span> <span class='ocrx_word' id='word_1_16' title='bbox 636 806 721 894; x_wconf 84' lang='grc' dir='ltr'>ὅρνις</span> <span class='ocrx_word' id='word_1_17' title='bbox 741 806 1004 895; x_wconf 78' lang='grc' dir='ltr'>πιπράσκοντας)</span> <span class='ocrx_word' id='word_1_18' title='bbox 1020 806 1293 895; x_wconf 82' lang='grc' dir='ltr'>ὀρνιθοκαπήλονς</span> 
     </span>
    </p>
   </div>
   <div class='ocr_carea' id='block_1_5' title="bbox 144 909 1295 1356">
    <p class='ocr_par' dir='ltr' id='par_1_5' title="bbox 145 909 795 996">
     <span class='ocr_line' id='line_1_5' title="bbox 145 909 795 996; baseline 0.003 -24"><span class='ocrx_word' id='word_1_19' title='bbox 145 909 280 996; x_wconf 82' lang='grc' dir='ltr'>Κριτίας</span> <span class='ocrx_word' id='word_1_20' title='bbox 296 911 521 974; x_wconf 81' lang='grc' dir='ltr'>καλεῖ-Ροίί.</span> <span class='ocrx_word' id='word_1_21' title='bbox 537 912 612 974; x_wconf 76' lang='lat' dir='ltr'><strong><em>ibid.</em></strong></span> <span class='ocrx_word' id='word_1_22' title='bbox 629 912 706 975; x_wconf 90' lang='lat' dir='ltr'>VII.</span> <span class='ocrx_word' id='word_1_23' title='bbox 725 911 795 980; x_wconf 86' lang='grc'>197.</span> 
     </span>
    </p>

    <p class='ocr_par' dir='ltr' id='par_1_6' title="bbox 144 1053 1295 1356">
     <span class='ocr_line' id='line_1_6' title="bbox 188 1053 1295 1144; baseline 0.003 -25"><span class='ocrx_word' id='word_1_24' title='bbox 188 1055 267 1139; x_wconf 82' lang='grc'>(32.)</span> <span class='ocrx_word' id='word_1_25' title='bbox 290 1053 332 1122; x_wconf 79' lang='grc' dir='ltr'>τὰ</span> <span class='ocrx_word' id='word_1_26' title='bbox 355 1055 382 1120; x_wconf 83' lang='grc' dir='ltr'>δ’</span> <span class='ocrx_word' id='word_1_27' title='bbox 399 1055 519 1143; x_wconf 76' lang='grc' dir='ltr'>ἐφεξῆς,</span> <span class='ocrx_word' id='word_1_28' title='bbox 536 1054 577 1124; x_wconf 83' lang='grc' dir='ltr'>τὰ</span> <span class='ocrx_word' id='word_1_29' title='bbox 599 1055 659 1140; x_wconf 84' lang='grc' dir='ltr'>μὲν</span> <span class='ocrx_word' id='word_1_30' title='bbox 674 1061 817 1130; x_wconf 72' lang='grc' dir='ltr'>πλεῖστα</span> <span class='ocrx_word' id='word_1_31' title='bbox 842 1057 978 1144; x_wconf 78' lang='grc' dir='ltr'>Κριτίας</span> <span class='ocrx_word' id='word_1_32' title='bbox 1001 1057 1098 1140; x_wconf 70' lang='grc' dir='ltr'>λεὀγει,</span> <span class='ocrx_word' id='word_1_33' title='bbox 1115 1056 1236 1126; x_wconf 73' lang='grc' dir='ltr'>πολλοὶ</span> <span class='ocrx_word' id='word_1_34' title='bbox 1260 1057 1295 1122; x_wconf 84' lang='grc' dir='ltr'>δὲ</span> 
     </span>
     <span class='ocr_line' id='line_1_7' title="bbox 144 1157 1295 1250; baseline 0.002 -27"><span class='ocrx_word' id='word_1_35' title='bbox 144 1157 198 1225; x_wconf 81' lang='grc' dir='ltr'>καὶ</span> <span class='ocrx_word' id='word_1_36' title='bbox 222 1161 286 1225; x_wconf 86' lang='grc' dir='ltr'>τῶν</span> <span class='ocrx_word' id='word_1_37' title='bbox 300 1163 432 1242; x_wconf 80' lang='grc' dir='ltr'>μᾶλλον</span> <span class='ocrx_word' id='word_1_38' title='bbox 455 1160 554 1226; x_wconf 82' lang='grc' dir='ltr'>αὐτοῦ</span> <span class='ocrx_word' id='word_1_39' title='bbox 578 1160 770 1248; x_wconf 76' lang='grc' dir='ltr'>κεκριμένων</span> <span class='ocrx_word' id='word_1_40' title='bbox 797 1160 855 1242; x_wconf 80' lang='grc' dir='ltr'>τὴν</span> <span class='ocrx_word' id='word_1_41' title='bbox 879 1161 1047 1250; x_wconf 81' lang='grc' dir='ltr'>εὐφωνίαν·</span> <span class='ocrx_word' id='word_1_42' title='bbox 1065 1167 1295 1250; x_wconf 81' lang='grc' dir='ltr'>χαλκοπῶλαι</span> 
     </span>
     <span class='ocr_line' id='line_1_8' title="bbox 144 1262 1294 1356; baseline 0.003 -29"><span class='ocrx_word' id='word_1_43' title='bbox 144 1262 368 1350; x_wconf 82' lang='grc' dir='ltr'>σιδηροπῶλαι</span> <span class='ocrx_word' id='word_1_44' title='bbox 401 1269 641 1354; x_wconf 76' lang='grc' dir='ltr'>λαχανοπῶλαι</span> <span class='ocrx_word' id='word_1_45' title='bbox 678 1265 946 1354; x_wconf 78' lang='grc' dir='ltr'>λαχανοπώλιδες</span> <span class='ocrx_word' id='word_1_46' title='bbox 979 1267 1294 1356; x_wconf 84' lang='grc' dir='ltr'>λαχανοπωλήτριαι</span> 
     </span>
    </p>
   </div>
   <div class='ocr_carea' id='block_1_6' title="bbox 94 1371 736 1455">
    <p class='ocr_par' dir='ltr' id='par_1_7' title="bbox 94 1371 736 1455">
     <span class='ocr_line' id='line_1_9' title="bbox 94 1371 736 1455; baseline 0.006 -25"><span class='ocrx_word' id='word_1_47' title='bbox 94 1427 95 1430; x_wconf 74' lang='grc'>,</span> <span class='ocrx_word' id='word_1_48' title='bbox 144 1372 462 1455; x_wconf 80' lang='grc' dir='ltr'>τυροπῶλαι-Ροίῖ.</span> <span class='ocrx_word' id='word_1_49' title='bbox 479 1373 554 1434; x_wconf 75' lang='lat' dir='ltr'><strong><em>ibid.</em></strong></span> <span class='ocrx_word' id='word_1_50' title='bbox 570 1371 646 1433; x_wconf 89' lang='lat' dir='ltr'>VH.</span> <span class='ocrx_word' id='word_1_51' title='bbox 666 1373 736 1434; x_wconf 87' lang='lat'><strong>196.</strong></span> 
     </span>
    </p>
   </div>
   <div class='ocr_carea' id='block_1_7' title="bbox 144 1516 1294 1709">
    <p class='ocr_par' dir='ltr' id='par_1_8' title="bbox 144 1516 1294 1709">
     <span class='ocr_line' id='line_1_10' title="bbox 187 1516 1294 1607; baseline 0.002 -27"><span class='ocrx_word' id='word_1_52' title='bbox 187 1519 266 1600; x_wconf 92' lang='grc'>(33.)</span> <span class='ocrx_word' id='word_1_53' title='bbox 289 1522 355 1588; x_wconf 92' lang='grc' dir='ltr'>τοῖς</span> <span class='ocrx_word' id='word_1_54' title='bbox 371 1516 403 1582; x_wconf 85' lang='grc' dir='ltr'>δὲ</span> <span class='ocrx_word' id='word_1_55' title='bbox 418 1521 640 1605; x_wconf 62' lang='grc' dir='ltr'>χρυσουριγοῖς,</span> <span class='ocrx_word' id='word_1_56' title='bbox 657 1516 710 1582; x_wconf 85' lang='grc' dir='ltr'>καὶ</span> <span class='ocrx_word' id='word_1_57' title='bbox 727 1516 1030 1604; x_wconf 76' lang='grc' dir='ltr'>δακτυλιογλύφοις,</span> <span class='ocrx_word' id='word_1_58' title='bbox 1043 1517 1077 1584; x_wconf 81' lang='grc' dir='ltr'>τὸ</span> <span class='ocrx_word' id='word_1_59' title='bbox 1092 1518 1192 1602; x_wconf 85' lang='grc' dir='ltr'>ὄνομα</span> <span class='ocrx_word' id='word_1_60' title='bbox 1207 1517 1294 1607; x_wconf 77' lang='grc' dir='ltr'>παρὰ</span> 
     </span>
     <span class='ocr_line' id='line_1_11' title="bbox 144 1619 918 1709; baseline 0.005 -27"><span class='ocrx_word' id='word_1_61' title='bbox 144 1619 266 1709; x_wconf 75' lang='grc' dir='ltr'>Κριτίᾳ</span> <span class='ocrx_word' id='word_1_62' title='bbox 281 1619 335 1685; x_wconf 80' lang='grc' dir='ltr'>καὶ</span> <span class='ocrx_word' id='word_1_63' title='bbox 351 1619 641 1686; x_wconf 79' lang='grc' dir='ltr'>Πλάτωνι-Ροίί,</span> <span class='ocrx_word' id='word_1_64' title='bbox 659 1623 733 1685; x_wconf 75' lang='lat' dir='ltr'><em>ibid.</em></span> <span class='ocrx_word' id='word_1_65' title='bbox 750 1623 828 1685; x_wconf 86' lang='lat' dir='ltr'><strong>VII.</strong></span> <span class='ocrx_word' id='word_1_66' title='bbox 848 1623 918 1686; x_wconf 88' lang='lat'>108.</span> 
     </span>
    </p>
   </div>
   <div class='ocr_carea' id='block_1_8' title="bbox 144 1767 1295 1941">
    <p class='ocr_par' dir='ltr' id='par_1_9' title="bbox 144 1767 1295 1941">
     <span class='ocr_line' id='line_1_12' title="bbox 188 1767 1295 1857; baseline 0.003 -26"><span class='ocrx_word' id='word_1_67' title='bbox 188 1770 268 1850; x_wconf 91' lang='grc'>(34.)</span> <span class='ocrx_word' id='word_1_68' title='bbox 300 1771 459 1856; x_wconf 68' lang='grc' dir='ltr'>μυρεψός·</span> <span class='ocrx_word' id='word_1_69' title='bbox 491 1768 629 1856; x_wconf 79' lang='grc' dir='ltr'>Κριτίας</span> <span class='ocrx_word' id='word_1_70' title='bbox 663 1768 727 1857; x_wconf 68' lang='grc' dir='ltr'>’γὰρ</span> <span class='ocrx_word' id='word_1_71' title='bbox 758 1768 859 1840; x_wconf 82' lang='grc' dir='ltr'>οὕτως</span> <span class='ocrx_word' id='word_1_72' title='bbox 889 1767 1188 1851; x_wconf 80' lang='grc' dir='ltr'>ὠνόμασεν-Ροίί.</span> <span class='ocrx_word' id='word_1_73' title='bbox 1220 1771 1295 1834; x_wconf 66' lang='lat' dir='ltr'><strong><em>ibid.</em></strong></span> 
     </span>
     <span class='ocr_line' id='line_1_13' title="bbox 144 1871 310 1941; baseline 0.012 -7"><span class='ocrx_word' id='word_1_74' title='bbox 144 1871 310 1941; x_wconf 80' lang='lat' dir='ltr'>VII.177.</span> 
     </span>
    </p>
   </div>
   <div class='ocr_carea' id='block_1_9' title="bbox 143 2018 1294 2193">
    <p class='ocr_par' dir='ltr' id='par_1_10' title="bbox 143 2018 1294 2193">
     <span class='ocr_line' id='line_1_14' title="bbox 189 2018 1294 2109; baseline 0.004 -27"><span class='ocrx_word' id='word_1_75' title='bbox 189 2021 264 2103; x_wconf 87' lang='grc'>(35.)</span> <span class='ocrx_word' id='word_1_76' title='bbox 289 2019 601 2107; x_wconf 74' lang='grc' dir='ltr'>κεκρυφαλυπλιίκος,</span> <span class='ocrx_word' id='word_1_77' title='bbox 618 2021 659 2090; x_wconf 88' lang='grc' dir='ltr'>ὡς</span> <span class='ocrx_word' id='word_1_78' title='bbox 683 2020 818 2106; x_wconf 76' lang='grc' dir='ltr'>Κριτίας</span> <span class='ocrx_word' id='word_1_79' title='bbox 841 2018 913 2108; x_wconf 81' lang='grc' dir='ltr'><strong><em>ἔφη,</em></strong></span> <span class='ocrx_word' id='word_1_80' title='bbox 929 2019 1139 2108; x_wconf 77' lang='grc' dir='ltr'>κεκρύφαλος,</span> <span class='ocrx_word' id='word_1_81' title='bbox 1155 2035 1294 2109; x_wconf 82' lang='grc' dir='ltr'>κεκρυφ-</span> 
     </span>
     <span class='ocr_line' id='line_1_15' title="bbox 143 2121 648 2193; baseline 0.002 -7"><span class='ocrx_word' id='word_1_82' title='bbox 143 2121 372 2189; x_wconf 82' lang='grc' dir='ltr'>άλιον.-Ροίί.</span> <span class='ocrx_word' id='word_1_83' title='bbox 392 2125 466 2188; x_wconf 66' lang='lat' dir='ltr'><strong><em>ibid.</em></strong></span> <span class='ocrx_word' id='word_1_84' title='bbox 482 2125 559 2188; x_wconf 89' lang='lat' dir='ltr'>VII.</span> <span class='ocrx_word' id='word_1_85' title='bbox 578 2126 648 2193; x_wconf 84' lang='lat'><strong>179.</strong></span> 
     </span>
    </p>
   </div>
   <div class='ocr_carea' id='block_1_10' title="bbox 139 2269 1294 2462">
    <p class='ocr_par' dir='ltr' id='par_1_11' title="bbox 139 2269 1294 2462">
     <span class='ocr_line' id='line_1_16' title="bbox 188 2269 1294 2357; baseline 0 -21"><span class='ocrx_word' id='word_1_86' title='bbox 188 2272 266 2355; x_wconf 89' lang='grc'>(36.)</span> <span class='ocrx_word' id='word_1_87' title='bbox 290 2271 426 2357; x_wconf 80' lang='grc' dir='ltr'>Κριτίας</span> <span class='ocrx_word' id='word_1_88' title='bbox 441 2269 484 2356; x_wconf 81' lang='grc' dir='ltr'>δὲ,</span> <span class='ocrx_word' id='word_1_89' title='bbox 497 2269 550 2338; x_wconf 83' lang='grc' dir='ltr'>καὶ</span> <span class='ocrx_word' id='word_1_90' title='bbox 565 2269 721 2357; x_wconf 69' lang='grc' dir='ltr'>ὀψωνίας,</span> <span class='ocrx_word' id='word_1_91' title='bbox 734 2270 786 2336; x_wconf 81' lang='grc' dir='ltr'>καὶ</span> <span class='ocrx_word' id='word_1_92' title='bbox 802 2274 947 2356; x_wconf 69' lang='grc' dir='ltr'>ὀψωνεῖν</span> <span class='ocrx_word' id='word_1_93' title='bbox 962 2269 1032 2357; x_wconf 82' lang='grc' dir='ltr'>ἔφη·</span> <span class='ocrx_word' id='word_1_94' title='bbox 1050 2270 1086 2337; x_wconf 84' lang='grc' dir='ltr'>τὸ</span> <span class='ocrx_word' id='word_1_95' title='bbox 1102 2271 1136 2336; x_wconf 86' lang='grc' dir='ltr'>δὲ</span> <span class='ocrx_word' id='word_1_96' title='bbox 1151 2269 1294 2357; x_wconf 76' lang='grc' dir='ltr'>ὀψωνεῖν</span> 
     </span>
     <span class='ocr_line' id='line_1_17' title="bbox 139 2374 929 2462; baseline -0.003 -22"><span class='ocrx_word' id='word_1_97' title='bbox 139 2375 196 2441; x_wconf 83' lang='grc' dir='ltr'>καὶ</span> <span class='ocrx_word' id='word_1_98' title='bbox 212 2374 386 2462; x_wconf 67' lang='grc' dir='ltr'>ὀψονομεῖν</span> <span class='ocrx_word' id='word_1_99' title='bbox 401 2375 696 2457; x_wconf 52' lang='grc' dir='ltr'>ὠνόμασεν-1303.</span> <span class='ocrx_word' id='word_1_100' title='bbox 712 2378 787 2439; x_wconf 71' lang='lat' dir='ltr'><strong><em>ibid.</em></strong></span> <span class='ocrx_word' id='word_1_101' title='bbox 806 2376 862 2440; x_wconf 90' lang='lat' dir='ltr'>VI.</span> <span class='ocrx_word' id='word_1_102' title='bbox 880 2378 929 2439; x_wconf 85' lang='lat'>38.</span> 
     </span>
    </p>
   </div>
   <div class='ocr_carea' id='block_1_11' title="bbox 142 2520 1296 2716">
    <p class='ocr_par' dir='ltr' id='par_1_12' title="bbox 142 2520 1296 2716">
     <span class='ocr_line' id='line_1_18' title="bbox 188 2520 1296 2611; baseline 0.002 -25"><span class='ocrx_word' id='word_1_103' title='bbox 188 2524 267 2606; x_wconf 88' lang='lat'><strong>(37.)</strong></span> <span class='ocrx_word' id='word_1_104' title='bbox 292 2521 395 2589; x_wconf 84' lang='grc' dir='ltr'>καὶτὸ</span> <span class='ocrx_word' id='word_1_105' title='bbox 411 2523 580 2610; x_wconf 72' lang='grc' dir='ltr'>δίδροχροι</span> <span class='ocrx_word' id='word_1_106' title='bbox 596 2520 728 2588; x_wconf 82' lang='grc' dir='ltr'>ὁπλῖται</span> <span class='ocrx_word' id='word_1_107' title='bbox 744 2520 798 2586; x_wconf 83' lang='grc' dir='ltr'>καὶ</span> <span class='ocrx_word' id='word_1_108' title='bbox 813 2521 984 2609; x_wconf 77' lang='grc' dir='ltr'>δίδραχμον</span> <span class='ocrx_word' id='word_1_109' title='bbox 1003 2527 1110 2610; x_wconf 88' lang='grc' dir='ltr'>πυροί·</span> <span class='ocrx_word' id='word_1_110' title='bbox 1133 2528 1184 2588; x_wconf 83' lang='grc' dir='ltr'>καὶ</span> <span class='ocrx_word' id='word_1_111' title='bbox 1207 2523 1296 2611; x_wconf 82' lang='grc' dir='ltr'>παρὰ</span> 
     </span>
     <span class='ocr_line' id='line_1_19' title="bbox 142 2626 884 2716; baseline 0.003 -27"><span class='ocrx_word' id='word_1_112' title='bbox 142 2627 266 2714; x_wconf 71' lang='grc' dir='ltr'>Κριτίᾳ</span> <span class='ocrx_word' id='word_1_113' title='bbox 280 2626 629 2716; x_wconf 77' lang='grc' dir='ltr'>διδραχμιαῖοι.-Ροίί.</span> <span class='ocrx_word' id='word_1_114' title='bbox 645 2629 719 2692; x_wconf 68' lang='lat' dir='ltr'><strong><em>ibid.</em></strong></span> <span class='ocrx_word' id='word_1_115' title='bbox 737 2629 795 2691; x_wconf 81' lang='lat' dir='ltr'>IV.</span> <span class='ocrx_word' id='word_1_116' title='bbox 814 2631 884 2691; x_wconf 85' lang='lat'>165.</span> 
     </span>
    </p>
   </div>
   <div class='ocr_carea' id='block_1_12' title="bbox 188 2775 1046 2864">
    <p class='ocr_par' dir='ltr' id='par_1_13' title="bbox 188 2775 1046 2864">
     <span class='ocr_line' id='line_1_20' title="bbox 188 2775 1046 2864; baseline 0.001 -26"><span class='ocrx_word' id='word_1_117' title='bbox 188 2776 268 2859; x_wconf 78' lang='grc'>(38)</span> <span class='ocrx_word' id='word_1_118' title='bbox 293 2775 462 2864; x_wconf 80' lang='grc' dir='ltr'>ταχύχειρ,</span> <span class='ocrx_word' id='word_1_119' title='bbox 480 2777 521 2847; x_wconf 88' lang='grc' dir='ltr'>ὡς</span> <span class='ocrx_word' id='word_1_120' title='bbox 538 2776 805 2864; x_wconf 82' lang='grc' dir='ltr'>Κριτίας-Ρνίί.</span> <span class='ocrx_word' id='word_1_121' title='bbox 822 2775 896 2840; x_wconf 75' lang='lat' dir='ltr'><strong><em>ibid.</em></strong></span> <span class='ocrx_word' id='word_1_122' title='bbox 914 2777 957 2840; x_wconf 90' lang='lat' dir='ltr'>II.</span> <span class='ocrx_word' id='word_1_123' title='bbox 977 2777 1046 2839; x_wconf 84' lang='lat'>148.</span> 
     </span>
    </p>
   </div>
   <div class='ocr_carea' id='block_1_13' title="bbox 188 2920 1294 3012">
    <p class='ocr_par' dir='ltr' id='par_1_14' title="bbox 188 2920 1294 3012">
     <span class='ocr_line' id='line_1_21' title="bbox 188 2920 1294 3012; baseline 0.002 -27"><span class='ocrx_word' id='word_1_124' title='bbox 188 2923 269 3006; x_wconf 87' lang='lat'>(39.)</span> <span class='ocrx_word' id='word_1_125' title='bbox 292 2922 430 3010; x_wconf 84' lang='grc' dir='ltr'>Κριτίας</span> <span class='ocrx_word' id='word_1_126' title='bbox 446 2921 479 2989; x_wconf 79' lang='grc' dir='ltr'>δέ</span> <span class='ocrx_word' id='word_1_127' title='bbox 493 2922 555 2992; x_wconf 82' lang='grc' dir='ltr'>τού</span> <span class='ocrx_word' id='word_1_128' title='bbox 571 2927 672 3008; x_wconf 79' lang='grc' dir='ltr'>φησιν</span> <span class='ocrx_word' id='word_1_129' title='bbox 683 2924 706 3012; x_wconf 50' lang='grc' dir='ltr'>ί(</span> <span class='ocrx_word' id='word_1_130' title='bbox 717 2922 770 2988; x_wconf 80' lang='grc' dir='ltr'>ἐπὶ</span> <span class='ocrx_word' id='word_1_131' title='bbox 786 2925 863 3005; x_wconf 71' lang='grc' dir='ltr'>τόγε</span> <span class='ocrx_word' id='word_1_132' title='bbox 878 2923 931 2990; x_wconf 79' lang='grc' dir='ltr'>ἐπὶ</span> <span class='ocrx_word' id='word_1_133' title='bbox 948 2921 983 2988; x_wconf 82' lang='grc' dir='ltr'>τὸ</span> <span class='ocrx_word' id='word_1_134' title='bbox 999 2921 1162 3010; x_wconf 81' lang='grc' dir='ltr'>χρηστοὺς</span> <span class='ocrx_word' id='word_1_135' title='bbox 1185 2920 1294 2988; x_wconf 86' lang='grc' dir='ltr'>εῖναι.”</span> 
     </span>
    </p>
   </div>
   <div class='ocr_carea' id='block_1_14' title="bbox 545 3026 1248 3102">
    <p class='ocr_par' dir='ltr' id='par_1_15' title="bbox 545 3026 1248 3102">
     <span class='ocr_line' id='line_1_22' title="bbox 545 3026 1248 3102; baseline 0.001 -12"><span class='ocrx_word' id='word_1_136' title='bbox 545 3029 621 3100; x_wconf 83' lang='grc' dir='ltr'>Ροίί.</span> <span class='ocrx_word' id='word_1_137' title='bbox 638 3026 712 3092; x_wconf 76' lang='lat' dir='ltr'><em>ibid.</em></span> <span class='ocrx_word' id='word_1_138' title='bbox 729 3027 785 3090; x_wconf 93' lang='lat' dir='ltr'>VI.</span> <span class='ocrx_word' id='word_1_139' title='bbox 805 3029 875 3091; x_wconf 82' lang='lat'>195.</span> <span class='ocrx_word' id='word_1_140' title='bbox 921 3028 968 3091; x_wconf 82' lang='lat' dir='ltr'>Of.</span> <span class='ocrx_word' id='word_1_141' title='bbox 988 3028 1063 3092; x_wconf 78' lang='lat' dir='ltr'><strong><em>Test.</em></strong></span> <span class='ocrx_word' id='word_1_142' title='bbox 1080 3029 1156 3090; x_wconf 80' lang='grc' dir='ltr'>Ατιί.</span> <span class='ocrx_word' id='word_1_143' title='bbox 1176 3027 1203 3102; x_wconf 85' lang='grc'>7,</span> <span class='ocrx_word' id='word_1_144' title='bbox 1221 3031 1248 3091; x_wconf 91' lang='lat'>8.</span> 
     </span>
    </p>
   </div>
   <div class='ocr_carea' id='block_1_15' title="bbox 187 3171 1293 3261">
    <p class='ocr_par' dir='ltr' id='par_1_16' title="bbox 187 3171 1293 3261">
     <span class='ocr_line' id='line_1_23' title="bbox 187 3171 1293 3261; baseline 0.003 -26"><span class='ocrx_word' id='word_1_145' title='bbox 187 3173 270 3256; x_wconf 88' lang='grc'>(40.)</span> <span class='ocrx_word' id='word_1_146' title='bbox 294 3171 612 3254; x_wconf 84' lang='grc' dir='ltr'>Ἐπικωθωνίζεσθαι</span> <span class='ocrx_word' id='word_1_147' title='bbox 632 3173 666 3239; x_wconf 87' lang='grc' dir='ltr'>δὲ</span> <span class='ocrx_word' id='word_1_148' title='bbox 681 3171 717 3253; x_wconf 85' lang='grc' dir='ltr'>τὸ</span> <span class='ocrx_word' id='word_1_149' title='bbox 733 3171 911 3261; x_wconf 81' lang='grc' dir='ltr'>περαιτέρω</span> <span class='ocrx_word' id='word_1_150' title='bbox 927 3177 1030 3240; x_wconf 90' lang='grc' dir='ltr'>πίνειν</span> <span class='ocrx_word' id='word_1_151' title='bbox 1046 3174 1181 3261; x_wconf 86' lang='grc' dir='ltr'>Κριτίας</span> <span class='ocrx_word' id='word_1_152' title='bbox 1196 3171 1293 3256; x_wconf 76' lang='grc' dir='ltr'>λέγει.</span> 
     </span>
    </p>
   </div>
   <div class='ocr_carea' id='block_1_16' title="bbox 941 3279 1248 3342">
    <p class='ocr_par' dir='ltr' id='par_1_17' title="bbox 941 3279 1248 3342">
     <span class='ocr_line' id='line_1_24' title="bbox 941 3279 1248 3342; baseline 0 -1"><span class='ocrx_word' id='word_1_153' title='bbox 941 3280 1017 3342; x_wconf 78' lang='lat' dir='ltr'><em>Poll.</em></span> <span class='ocrx_word' id='word_1_154' title='bbox 1034 3279 1108 3342; x_wconf 75' lang='lat' dir='ltr'><strong><em>ibid.</em></strong></span> <span class='ocrx_word' id='word_1_155' title='bbox 1125 3279 1181 3341; x_wconf 85' lang='lat' dir='ltr'>VI.</span> <span class='ocrx_word' id='word_1_156' title='bbox 1200 3281 1248 3342; x_wconf 87' lang='lat'>31.</span> 
     </span>
    </p>
   </div>
   <div class='ocr_carea' id='block_1_17' title="bbox 0 0 1514 5058">
    <p class='ocr_par' dir='ltr' id='par_1_18' title="bbox 0 0 1514 5058">
     <span class='ocr_line' id='line_1_25' title="bbox 0 0 1514 5058; baseline 0 0"><span class='ocrx_word' id='word_1_157' title='bbox 0 0 1514 5058; x_wconf 95' lang='lat' dir='ltr'> </span> 
     </span>
    </p>
   </div>
  </div>
 </body>
</html>
