3018 5058
808 488 849 551 46

249 670 334 730 essa¹
380 664 472 726 Idem
495 663 675 727 observavit
690 662 745 724 vix
767 663 835 726 fieri
858 683 958 745 possa,
975 669 1011 725 nt
1027 661 1212 748 Respublica
1230 659 1399 724 Athenien·

249 773 327 833 sium
346 790 364 830 a
380 768 480 832 Critia
495 766 616 851 publici
629 765 711 848 juris
735 766 818 829 facta
834 773 908 829 ante
924 765 1065 828 Pollucis
1082 771 1218 829 aetatem
1236 764 1268 826 in
1286 783 1399 844 corpus

219 923 221 927 ,
246 868 470 955 Xenophontis
495 870 684 954 scriptorum
709 870 849 933 venerit:
880 869 1039 932 Hadriani
1062 871 1148 933 euim
1172 872 1337 944 astabant
1360 887 1399 930 ex

249 977 416 1039 Athenaeo
443 980 582 1058 apparet,
608 973 726 1037 Critiae
754 973 883 1038 Politice
910 973 986 1036 satis
1015 979 1108 1037 notae
1132 977 1242 1044 erant?
1296 972 1400 1048 Quem

249 1101 384 1143 errorem
412 1079 537 1142 etiarnsi
563 1077 777 1142 Alexandrini
807 1078 1018 1154 admisissent,
1042 1076 1110 1140 fieri
1141 1098 1203 1139 non
1235 1076 1400 1161 potuisset,

248 1184 326 1267 quin
354 1183 522 1266 sophistae,
546 1183 601 1265 qui
634 1188 744 1265 postea
769 1188 892 1244 tantam
920 1203 1048 1264 operam
1075 1182 1109 1243 in
1137 1180 1254 1245 Critiae
1282 1179 1400 1262 scripta

250 1287 485 1370 impendebant,
516 1286 662 1350 libellum
694 1286 813 1350 Critiae
843 1285 1055 1349 restituerent.
1116 1284 1265 1368 Denique
1296 1303 1400 1346 sermo

250 1390 615 1473 Pseudo-Xenophontis
647 1391 724 1453 adeo
755 1389 913 1473 elegantia
938 1398 1033 1464 caret,
1057 1397 1093 1452 ut
1120 1389 1175 1451 vix
1206 1388 1244 1452 de
1271 1392 1401 1451 auctore

248 1496 449 1578 perlitterato
462 1494 666 1579 cogitandum
682 1495 744 1558 sit³
789 1495 937 1558 Ceterum
950 1514 1048 1576 quam
1059 1494 1180 1557 incerto
1193 1492 1402 1555 fundamento

250 1600 328 1663 haee
353 1600 533 1682 conjectura
556 1599 686 1673 nitatur,
708 1619 748 1661 ex
771 1618 808 1661 eo
831 1598 970 1660 maxime
994 1605 1133 1680 apparet,
1154 1596 1238 1679 quod
1262 1594 1317 1658 alii
1340 1594 1403 1656 viri

251 1705 345 1778 docti,
360 1702 498 1766 similem
514 1703 600 1765 viam
617 1702 800 1786 inquirendi
816 1701 957 1786 ingressi,
974 1722 1009 1764 eo
1030 1708 1251 1784 pervenerunt,
1269 1707 1304 1761 ut
1320 1698 1403 1760 alius

250 1805 474 1883 Alcibiadem‚⁴
487 1807 569 1870 alius
582 1797 800 1889 Thucydidem
815 1806 966 1870 Melesiae
979 1804 1090 1882 filium,
1103 1805 1155 1868 vel
1167 1825 1267 1867 unum
1281 1803 1403 1885 exejus

250 1907 482 1987 familiaribus,⁶
523 1910 605 1974 alius
646 1909 865 1992 Phrynichum
916 1909 1228 1993 Quadringentorum
1270 1906 1405 1970 duoem⁵

249 2013 642 2096 Pseudo-Xenophontem
658 2013 757 2077 fuisse
774 2019 934 2076 statueret.

294 2119 407 2199 Neque
424 2138 497 2180 vero
513 2119 667 2200 majorem
683 2118 906 2198 auctoritatem
922 2117 1022 2180 altera
1038 2116 1272 2202 argumentatio
1295 2115 1405 2190 habet,

251 2245 314 2304 qua
346 2221 529 2284 Boeckhius
559 2222 741 2305 opinionem
774 2243 865 2286 suam
892 2222 1034 2286 stabilire
1061 2222 1203 2285 studuit:
1238 2221 1404 2284 confessus

255 2327 341 2388 eninr
366 2347 399 2389 se
424 2325 607 2389 testimonia
632 2327 765 2410 antiqua
791 2348 854 2389 non
879 2333 953 2389 ante
977 2326 1175 2390 consuluisse
1191 2346 1288 2409 quam
1311 2345 1404 2408 argu-

256 2431 372 2493 mentis
403 2431 496 2492 modo
527 2431 684 2507 refutatis
714 2430 776 2494 sibi
805 2431 971 2514 persuasit,
1004 2431 1137 2494 Critiam
1173 2430 1232 2494 sub
1262 2429 1405 2493 Pseudo·

255 2534 481 2617 Xenophontis
506 2555 648 2617 persona
664 2535 900 2618 agnoscendum
925 2556 1001 2611 esse,
1018 2556 1119 2598 unum
1144 2535 1406 2598 tantumlocum

256 2637 410 2701 adhibuit.
456 2638 586 2701 Etenim
601 2639 710 2702 Julius
735 2639 853 2702 Pollux
869 2639 968 2702 tradit
992 2639 1125 2702 Critiarn
1143 2636 1331 2714 διαδικάζειν
1347 2659 1408 2721 pro

258 2739 286 2807 δῖ
312 2745 392 2807 ὅλου
416 2749 471 2807 τοῦ
488 2729 586 2818 ἔτουςΙ
602 2740 736 2818 δικάζειν
753 2741 892 2819 dixisse,⁷
908 2743 993 2826 quod
1018 2743 1172 2808 Boeckhii
1189 2743 1349 2806 sententia
1366 2743 1409 2806 ad

257 2847 344 2908 huno
359 2845 725 2929 Pseudo-Xenophontis
741 2847 847 2910 locum
864 2853 992 2930 spectat.
1040 2847 1120 2933 Φέρε
1138 2845 1170 2913 δὲ
1186 2852 1295 2912 τοίνυν
1312 2853 1409 2912 ταῦτα

258 2951 317 3015 οὐκ
344 2948 445 3015 οἴεσθε
477 2947 663 3026 διαδικάζειν
692 2950 835 3030 ἅπαντα;
869 2948 984 3016 εἰπάτω
1013 2951 1078 3037 γάρ
1106 2980 1153 3026 τις
1181 2955 1229 3018 ὅτι
1257 2951 1294 3016 οὐ
1323 2962 1410 3038 χρῆν

256 3053 367 3120 αὐτόθι
392 3051 589 3129 διαδικάζειν·
614 3057 637 3119 εἰ
664 3051 690 3119 δ’
716 3055 756 3118 αὖ
780 3058 958 3140 ὁμολογεῖν
984 3052 1029 3119 δεῖ
1054 3054 1177 3119 ἅπαντα
1202 3064 1317 3141 χρῆναι
1342 3052 1410 3119 δια-

257 3155 401 3233 δικάζειν,
418 3157 541 3244 ἀνάγκη
563 3155 600 3223 δι’
625 3160 773 3223 ἐνιαυτοῦ·
798 3159 842 3234 ὡς
866 3155 938 3224 οὐδὲ
963 3163 1020 3223 νῦν
1047 3155 1084 3224 δι’
1108 3160 1248 3223 ἐνιαυτοῦ
1273 3155 1411 3226 διαδικά-

261 3260 372 3335 ζουτες
398 3263 607 3345 ἐπαρκοῦσιν.8
636 3261 768 3324 διιάἰοθ
795 3262 957 3325 Boeckhio
980 3259 1166 3335 διαδικάζειν
1194 3262 1253 3326 hoc
1280 3269 1410 3326 tanturn

263 3364 422 3447 significat
455 3372 537 3447 “per
566 3365 695 3447 aliquod
730 3367 870 3448 spatium
901 3367 1054 3431 continuo
1080 3365 1273 3448 judicare‚'’⁹
1304 3388 1412 3449 nequa

263 3468 356 3530 illum
381 3468 522 3532 Pollucis
547 3489 676 3532 sensum
701 3470 770 3533 sine
786 3469 1013 3545 additamento,
1030 3470 1116 3553 quod
1140 3470 1279 3553 spatium
1296 3491 1412 3534 accur-

260 3573 344 3636 atius
370 3551 510 3648 definiat,
527 3573 689 3656 acquirere
715 3578 826 3656 potest.
875 3575 989 3657 Itaque
1014 3594 1080 3636 rem
1106 3573 1192 3636 hunc
1216 3574 1249 3635 in
1276 3573 1414 3638 modum

260 3677 409 3759 expedire
425 3687 558 3740 conatus
575 3685 640 3740 est:
657 3678 764 3759 posuit
779 3679 1021 3761 grammaticum
1039 3678 1199 3760 quendam
1216 3677 1250 3739 in
1267 3678 1413 3742 Pseudo·

261 3781 484 3864 Xenophontis
510 3781 580 3843 loco
605 3781 846 3864 interpretando
872 3779 910 3847 δι’
932 3784 1073 3846 ἐνιαυτοῦ
1095 3779 1329 3856 διαδικάζοντας
1355 3803 1416 3866 per

295 3958 304 3989 ¹
318 3954 356 4008 Οἱ.
371 3955 547 4023 Wilamowitz,
558 3953 604 4008 loc.
618 3954 661 4009 ra't.
699 3956 753 4008 Das
765 3957 800 4008 ist
812 3957 882 4010 einer
894 3956 938 4010 der
948 3954 1067 4029 γνάριμοι
1077 3957 1124 4010 uie
1133 3957 1169 4010 sia
1178 3957 1218 4010 boi
1227 3955 1347 4025 lbnagra
1356 3958 1416 4012 ihre

261 4043 395 4110 Loyalit'ait
407 4044 455 4095 mit
467 4043 525 4096 dem
539 4043 616 4096 Blute
629 4045 751 4113 besiegelt
763 4045 856 4098 haben.

296 4128 410 4198 ²Bergk.
425 4129 506 4186 Neue.
520 4129 613 4186 Jahrb.
627 4131 647 4198 f.
663 4131 737 4188 Phil.
752 4127 831 4186 LXV.
846 4136 905 4188 393.

296 4215 356 4273 ⁸01.
371 4217 617 4288 Miller-strubing,
631 4217 730 4275 Paitoi.
746 4218 841 4289 δουρὶ.
855 4219 906 4276 Bd.
922 4220 968 4278 IV.
984 4224 1042 4277 lll.

296 4307 307 4336 ⁴
320 4305 422 4374 Helbig.
436 4304 520 4364 lilaea.
534 4305 603 4362 Mas.
618 4306 675 4362 XV.
692 4310 751 4363 511.

298 4393 308 4423 ⁵
321 4393 357 4450 M.
373 4392 498 4462 Schmidt,
511 4393 655 4448 Memoirea
667 4393 736 4448 ciues
751 4393 909 4463 Oiipcrchea
921 4413 953 4448 ευ
965 4393 1061 4452 Aaou.

299 4478 565 4550 “Miiller-Striibing,
579 4471 625 4537 icc.
640 4481 683 4538 cit.
797 4484 808 4518 ⁷
821 4483 864 4538 Fr.
880 4485 920 4537 19.
1028 4483 1230 4540 8Ραυαᾶαὶζυιι.
1245 4484 1298 4538 III.
1314 4493 1341 4542 ο.

299 4568 309 4601 ⁹
322 4569 361 4622 Ol.
375 4569 487 4638 Thucyd.
502 4569 548 4626 VI.
563 4574 604 4626 91.
642 4579 689 4634 τῆς
702 4567 758 4625 dat
777 4573 827 4626 τῶυ
840 4570 988 4640 ξυμμάχων
1001 4571 1118 4640 προσόδου
1131 4573 1202 4636 ἧσσον
1214 4569 1418 4646 διαφορουμένης

262 4658 313 4725 (ia.
327 4656 439 4718 διηνεκεῖς
452 4657 599 4730 Φερουμὲυνς
614 4658 709 4726 Schol.)
745 4659 990 4730 Miille1··Striibing‚
1003 4659 1050 4716 loc.
1066 4660 1109 4716 cte.
