3018 5058
697 463 715 528 3

174 641 231 722 (2.)
255 638 306 703 καὶ
330 638 509 724 ψηφίζεται
525 636 541 702 ὁ
558 636 654 720 δῆμος
677 636 814 724 Κριτίου
838 637 981 707 εἰπόντος
1006 635 1060 703 τόν
1083 636 1142 720 μὲν
1166 632 1275 722 νεκρόν

129 745 183 826 (se.
209 742 386 831 Φρυνίχου)
410 741 526 830 κρίνειν
548 741 738 832 προδοσίας,
754 741 814 807 κᾶν
837 740 913 826 δόξῃ
935 739 1093 827 προδότης
1116 738 1159 804 ὢν
1181 739 1214 805 ἐν
1236 741 1275 822 τῇ

130 846 223 934 χώρῳ
237 845 406 929 τεθάφθαι,
422 847 464 911 τά
478 873 514 910 τε
529 845 612 914 όστᾶ
627 845 725 922 αὐτοῦ
739 845 890 932 ἀνορύξαι
905 848 959 909 καὶ
976 843 1119 932 ἐξορίσαι
1134 842 1195 926 ἔξω
1219 848 1275 923 τῆς

128 943 288 1031 Ἀττικῆς,
305 945 393 1016 ὅπως
408 945 447 1011 άν
461 944 506 1028 μὴ
522 944 632 1026 κέηται
647 945 680 1010 ε’ν
695 947 735 1030 τῇ
751 944 844 1032 χώρῳ
864 943 945 1026 μηδὲ
967 947 1006 1009 τὰ
1030 942 1112 1008 ὀστᾶ
1136 948 1193 1008 τοῦ
1216 940 1274 1022 τὴν

129 1050 240 1138 χώραν
251 1050 305 1116 καὶ
320 1051 377 1132 τὴν
389 1049 487 1116 πόλιν
498 1047 886 1138 προδιδόντος-[γικνη.
900 1050 943 1112 [ιι
960 1050 1056 1112 Ῑιιοικ
1069 1047 1113 1134 ξφ
1126 1049 1276 1111 113-115.

176 1174 231 1254 (3.)
263 1169 300 1238 τό
326 1171 385 1256 μὲν
410 1172 465 1238 οὖν
491 1171 651 1259 ψήφισμα
677 1177 732 1253 τῆς
759 1170 896 1237 καθόδου
918 1169 1075 1257 πρότερον
1098 1168 1273 1257 ἐκεκύρωτο

129 1276 265 1363 Κριτίου
279 1282 336 1343 τοῦ
353 1277 595 1367 Καλλαίσχρου
609 1278 800 1366 γράψαντος
823 1276 864 1346 ὡς
880 1274 975 1345 αὐτὸς
991 1273 1023 1339 ἐν
1038 1279 1107 1344 ταῖς
1119 1272 1273 1356 ἐλεγείαις

128 1381 311 1463 πεποίηκεν,
326 1382 579 1465 ὑπομιμνήσκων
590 1382 645 1448 τὸν
659 1380 874 1462 Ἀλκιβιάδην
886 1384 941 1461 τῆς
956 1379 1089 1467 χάριτος
1101 1377 1134 1443 ἐν
1144 1376 1277 1447 τούτοις.

238 1501 353 1585 Γνώμη
369 1501 395 1568 δ’
411 1502 432 1584 ἥ
448 1530 487 1568 σε
502 1501 656 1587 κατήγαγ’
673 1502 735 1586 ἐγὼ
751 1501 870 1582 ταύτην
885 1500 918 1566 ἐν
932 1499 1058 1565 άπασιν

238 1603 336 1686 εἶπον,
353 1606 406 1672 καὶ
420 1607 555 1694 γράψας
570 1607 704 1696 τοῦργον
720 1605 841 1694 ἔδρασα
856 1604 937 1670 τόδε·

241 1709 381 1798 σφρηγὶς
396 1710 421 1775 δ’
438 1710 590 1799 ἡμετέρης
604 1709 751 1793 γλώττης
767 1709 821 1775 ἐπὶ
837 1708 981 1774 τοῖσδεσι
993 1712 1102 1772 κεῖται.

922 1815 1050 1876 -Ρίιιί,
1067 1812 1166 1874 Aleta.
1185 1812 1233 1873 23.

174 1933 231 2017 (4.)
256 1935 455 2020 Suffragante
471 1933 671 1999 Theramene
687 1936 798 2020 populi
820 1935 899 1998 seito
915 1933 1098 1998 restituitur
1114 1933 1167 2015 (se.
1184 1930 1273 1992 Alei-

128 2037 253 2119 biades)
267 2039 398 2122 parique
410 2039 524 2102 absens
536 2039 668 2122 imperio
681 2039 862 2121 praeficitur
875 2038 971 2101 simul
988 2058 1061 2100 eum
1077 2032 1277 2117 Thrasybulo

128 2149 161 2202 et
177 2140 501 2225 Theramene-Nep.
527 2139 588 2206 Vu'.
604 2144 674 2206 Aa.
694 2145 720 2205 6.

174 2261 232 2344 (5.)
264 2260 318 2345 καὶ
343 2260 406 2349 γάρ
432 2261 487 2328 τόν
514 2261 730 2342 Ἀλκιβιάδην
755 2261 846 2331 οὗτος
872 2231 966 2344 μόνος
991 2261 1045 2344 (sc.
1074 2251 1275 2346 Θηραμένης)

129 2364 368 2444 συνεβούλευσε
383 2366 713 2451 κατάγειν.--Βιόιίον.
732 2367 795 2430 xiii.
814 2369 863 2429 38.

177 2487 230 2569 (6.)
270 2485 323 2552 καὶ
355 2490 515 2574 Κλεοφῶν
544 2485 628 2552 κατὰ
666 2486 801 2574 Κριτίου
837 2489 903 2554 τόις
940 2478 1089 2553 Σόλωνος
1126 2481 1275 2564 ἐλεγείοις

130 2589 296 2677 ἐχρήσατο
321 2591 499 2676 λέγωνὸτι
523 2594 630 2658 πάλαι
654 2591 796 2676 ἀσελγὴς
818 2593 837 2673 ἡ
859 2589 951 2656 οἰκία·
987 2589 1023 2655 οὐ
1047 2586 1110 2676 γάρ
1135 2587 1174 2653 ἂν
1196 2613 1276 2653 ποτε

129 2693 263 2775 ε’ποίησε
279 2690 401 2774 Σόλων,

176 2797 289 2865 Είπεῖν
303 2828 359 2883 μοι
379 2801 499 2889 Κριτία
515 2800 709 2889 πνρρότριχι
726 2798 849 2887 πατρὸς
865 2797 1172 2863 ἀκούειν-Λινδία.
1190 2795 1275 2879 Βίικί.

129 2903 154 2965 Ι.
178 2905 225 2966 15.

175 3025 231 3106 (7.)
257 3025 392 3113 Κριτίας
407 3025 464 3091 άτε
479 3025 533 3091 καὶ
549 3030 659 3112 φυγὼν
675 3025 739 3091 ὑπὸ
751 3031 814 3091 τοῦ
829 3024 1058 3108 Setaea—Xera
1072 3025 1156 3086 Hirr.
1172 3023 1275 3085 Graea.

130 3127 174 3190 ΙΙ,
193 3131 221 3204 3,
239 3130 287 3192 15.
1142 3137 1145 3146 ’

174 3241 232 3322 (8.)
249 3239 302 3306 ὅτε
316 3240 379 3329 γὰρ
396 3246 496 3308 ταῦτα
508 3241 546 3323 ἦν
562 3245 618 3327 (ιά.
633 3251 774 3326 tempore
789 3243 902 3326 proelii
919 3242 1004 3325 apud
1020 3242 1141 3304 insulas
1158 3240 1274 3323 Argin-

130 3365 228 3408 nusas
252 3347 343 3429 facti)
360 3346 397 3411 οὐ
412 3344 525 3435 παρὼν
540 3346 713 3434 ἐτύγχανεν
732 3349 784 3429 (se.
801 3345 951 3434 Κριτίας)
967 3345 1043 3409 ἀλλ’
1061 3345 1093 3410 ἐν
1109 3342 1275 3429 Θετταλίᾳ

128 3447 211 3528 μετὰ
236 3449 435 3537 Προμηθέως
462 3450 678 3538 δημοκρατίαν
701 3449 911 3530 κατεσκεύαζε
936 3449 989 3514 καὶ
1014 3447 1085 3518 τοὺς
1110 3445 1274 3516 Πενέστας

129 3551 269 3634 ὥπλιζεν
285 3553 339 3618 ἐπὶ
354 3555 427 3624 τοὺς
443 3555 735 3626 δεσπότας-Χικ,
753 3556 835 3619 Hiar.
855 3555 957 3617 Graec.
975 3554 1018 3616 ΙΙ.
1036 3554 1064 3626 3,
1081 3554 1129 3614 36.

174 3669 229 3750 (9.)
256 3665 474 3754 Ἀρίστιππος
495 3668 528 3733 δὲ
544 3667 561 3733 ό
577 3667 742 3738 Θετταλὸς
765 3668 850 3751 ξένος
866 3665 909 3731 ὢν
924 3664 1098 3753 ἐτύγχανεν
1119 3665 1205 3750 αὐτῷ
1222 3665 1276 3746 (sc.

132 3770 243 3858 Κύρῳ)
276 3771 329 3836 καὶ
357 3772 537 3855 πιεζόμενος
564 3773 627 3839 ὑπὸ
654 3777 717 3838 τῶν
743 3773 823 3837 οἴκοι
855 3769 1120 3838 ἀντιστασιωτῶν
1147 3766 1276 3856 ἔρχεται

128 3874 210 3962 πρὸς
225 3878 283 3941 τὸν
300 3877 408 3963 Κῦρον
424 3877 478 3942 καὶ
495 3876 579 3944 αι’τεῖ
591 3877 690 3944 αὐτόν
705 3876 748 3947 εἰς
770 3875 952 3965 δισχιλίους
975 3874 1080 3958 ξένους
1103 3871 1156 3937 καὶ
1179 3875 1275 3959 τριῶν

128 3983 237 4062 μηνῶν
262 3979 389 4061 μισθόν,
414 3981 455 4050 ὡς
480 3981 563 4046 οὕτω
587 3980 823 4069 περιγενόμενος
853 3978 892 4044 ἂν
915 3982 978 4044 τῶν
1003 3978 1274 4043 ἀντιστασιωτῶν·

129 4081 146 4148 ὁ
174 4083 207 4147 δὲ
235 4086 341 4171 Κῦρος
367 4084 499 4151 δίδωσιν
524 4086 612 4173 αὐτῷ
638 4086 681 4156 είς
711 4083 990 4173 τετρακισχιλίους
1021 4082 1074 4146 καὶ
1105 4081 1140 4164 ἑξ
1168 4083 1275 4163 μηνῶν

129 4185 500 4269 μισθόν.-Χιιι..Αιιαό.
518 4192 542 4254 Ι.
561 4192 588 4267 l,
607 4193 654 4254 11.

177 4303 252 4385 (10.)
277 4301 332 4366 καὶ
355 4304 577 4389 παραγγελλει
601 4306 655 4388 (se.
681 4304 800 4388 Κῦρος)
824 4303 869 4388 τῷ
892 4328 927 4366 τε
950 4300 1113 4387 Κλεάρχῳ
1136 4298 1275 4377 λαβόντι

130 4406 216 4488 ἥκειν
232 4405 309 4472 ὅσον
324 4413 361 4484 ἦν
376 4407 459 4493 αὐτῷ
474 4407 660 4495 στράτευμα
682 4407 735 4472 καὶ
758 4408 804 4493 τῷ
819 4404 1023 4493 Ἀριστίππῳ
1039 4402 1276 4486 συναλλαγέντι

127 4508 206 4596 πρὸς
221 4507 294 4579 τοὺς
310 4510 390 4575 οἴκοι
405 4509 606 4598 ἀποπέμψαι
621 4509 701 4598 πρὸς
717 4508 829 4576 ἑαυτὸν
842 4507 857 4573 ό
871 4505 938 4596 εἶχε
954 4509 1272 4594 στράτευμα-Χικ.

128 4615 230 4676 Anah.
248 4614 273 4676 Ι.
293 4616 320 4690 2,
338 4618 363 4677 1.
